2612 3906
208 227 251 292 80
540 227 728 283 EXPOSITIO
747 227 787 282 IN
803 227 887 282 flou.

608 501 725 562 ctam.
744 503 760 562 Ι
781 505 820 562 18

296 804 446 863 *Meti-um
477 805 724 882 choriambicum,
755 809 892 865 constans
925 825 960 864 ex
989 805 1133 882 spondeo,
1170 807 1227 864 tri·

206 893 261 952 bus
285 893 463 952 choriambis
487 897 517 954 et
539 895 690 970 pyrrichio
713 896 776 954 siue
799 895 912 970 iamb03
938 895 1002 954 siue
1025 894 1226 954 Phaleuoium

172 975 307 1064 ewra
320 999 396 1042 cons.
409 999 453 1056 cp

297 1081 332 1150 1.
349 1107 474 1148 munau
492 1107 572 1150 vana
591 1082 629 1167 s.]
655 1089 765 1149 Scribit
782 1090 822 1148 ad
838 1090 962 1165 Varum,
978 1089 1072 1148 fidum
1090 1091 1224 1150 amicum

207 1177 278 1253 sibi,
304 1178 429 1238 laudans
453 1178 644 1237 Tiburtinum
666 1180 783 1254 uiuum,
810 1182 841 1238 et
862 1178 980 1254 suadet,
1002 1181 1037 1237 ut
1060 1180 1133 1254 quia
1155 1199 1224 1238 uer·

207 1287 279 1326 num
307 1271 464 1345 conpetens
491 1269 608 1343 tempus
636 1269 695 1342 est,
722 1267 837 1327 nullam
865 1267 999 1327 arborem
1022 1269 1106 1343 prius
1130 1287 1224 1344 quam

208 1359 301 1416 uitem
323 1359 416 1434 ponat
439 1349 559 1438 (ΑΓαο
573 1373 649 1416 cons.
663 1374 706 1430 cp

156 1479 189 1530 ιο
298 1459 437 1542 suvsms]
461 1464 607 1538 Posueiis,
629 1467 664 1523 ut
685 1463 836 1542 Vergilius
860 1454 968 1543 (qoorq.
985 1461 1017 1520 H
1037 1453 1132 1542 319):

368 1587 490 1666 Optima
512 1591 621 1648 uinetis
644 1587 720 1647 satio
744 1606 810 1647 cum
832 1607 901 1646 uere
923 1585 1042 1646 rubenti

209 1723 308 1811 (ΑΓα
321 1746 396 1790 cons.
412 1746 455 1802 ep

298 1829 332 1895 2.
363 1853 438 1892 mus
461 1829 575 1914 soivu]
621 1836 805 1910 Fecundum,
828 1835 990 1912 excultum,
1012 1837 1047 1893 ut
1068 1829 1222 1914 Verssgilius

209 1917 316 2006 (ceory.
334 1923 367 1982 Π
386 1918 479 2003 239):

157 2081 189 2129 15
367 2066 412 2124 Ea
435 2083 489 2123 nec
510 2069 690 2127 mansuescit
713 2068 824 2128 arando
847 2062 949 2147 (Asu
962 2082 1038 2125 coos.
1052 2081 1095 2139 cp

299 2218 334 2288 3.
362 2221 472 2306 surore]
514 2226 572 2286 Pro
595 2225 701 2286 sobriis
724 2230 754 2287 et
776 2227 882 2286 ieiunis
905 2227 955 2285 uel
976 2226 1047 2284 uino
1071 2225 1221 2286 abstinen-

208 2316 302 2394 tibus,
330 2318 392 2376 sine
419 2335 478 2393 quo
505 2335 572 2378 raro
595 2317 713 2376 laetitia
736 2319 792 2392 ost,
820 2318 855 2374 ut
877 2307 980 2396 (Vero.
999 2313 1073 2374 Ace.
1092 2315 1108 2373 I
1128 2307 1220 2395 734):

369 2458 458 2518 Adsit
480 2460 614 2520 laetitiae
637 2459 769 2518 Bacchus
793 2458 879 2517 dator
902 2449 1001 2539 (ΑΓα
1014 2475 1147 2531 concup

300 2611 335 2679 4.
363 2635 528 2678 mormacus
552 2585 817 2695 sonniomoruus]
861 2614 970 2691 Curae,
993 2635 1069 2693 quae
1091 2619 1219 2676 mentem

157 2708 364 2770 remordeant
387 2710 417 2766 et
439 2709 576 2767 crucient.
622 2707 772 2786 Vergilius
796 2698 885 2787 (Aen.
904 2706 919 2763 I
938 2698 1032 2788 261):

370 2848 493 2919 Quando
516 2849 589 2909 haec
610 2852 641 2908 te
664 2866 734 2908 cura
756 2847 905 2908 remordet
927 2840 1026 2929 (Ass
1034 2865 1167 2922 coriaco

301 3108 535 3163 3ooriambicum
549 3107 577 3162 B
638 3108 768 3162 constane
782 3107 809 3178 r]
824 3108 1001 3178 ocaByowp
1072 3106 1217 3160 tcoriam-

210 3178 254 3232 bis
273 3179 301 3232 B
354 3180 488 3250 pirrichio
508 3182 565 3248 By,
584 3186 652 3234 recte
669 3197 685 3234 r
703 3181 772 3249 (pyr.
786 3181 816 3248 α)
871 3180 968 3234 εἱιιθὶι
983 3209 1018 3219 -
1031 3177 1095 3249 ph:]
1110 3194 1183 3233 omn

210 3249 403 3376 inercie
501 3250 727 3394 thesaur
965 3267 1003 3319 c
1024 3248 1285 3374 curu

213 3397 246 3446 13
259 3392 411 3446 fecundum
424 3393 463 3465 A]
478 3394 597 3448 fundum
606 3395 706 3463 PDop
720 3393 801 3464 (bene
815 3339 995 3462 exaudime)
1048 3338 1182 3462 uirg.gPD
1284 3373 1285 3448 t

213 3469 246 3518 lb
266 3465 371 3518 arundo
390 3465 418 3519 A
491 3471 523 3520 1⁷
543 3466 636 3520 letitia
649 3467 677 3520 A
750 3471 782 3520 18
800 3465 911 3518 letitiae
929 3463 957 3518 A
1027 3463 1120 3534 dator]
1140 3462 1213 3515 dator
1284 3499 1285 3510 ,

211 3534 272 3588 uini
291 3557 331 3604 γα
354 3539 454 3604 (ortum
475 3553 509 3590 cro
532 3538 643 3592 lectione
662 3536 760 3588 ‘dator
777 3537 806 3588 ct
824 3535 898 3587 bona
916 3533 1000 3586 quo'
1016 3533 1090 3600 (vino
1109 3535 1140 3586 ic
1156 3536 1178 3600 c)

212 3610 246 3658 20
265 3605 391 3658 cruciant
408 3604 437 3657 A
507 3621 589 3673 uerg:
609 3606 647 3674 A]
666 3605 742 3672 uirg:
762 3619 873 3672 roma
