2674 3922
477 220 646 276 clauim
656 228 697 276 11.
710 227 742 276 12
1049 221 1113 286 363

194 388 375 449 *Interiectu
407 387 556 465 Chimera,
589 389 659 448 dum
690 393 888 449 reuerteretur
914 389 1113 466 Bellerophon

98 481 201 538 uictor
227 476 342 556 Pegaso
374 497 450 554 equo
480 479 625 553 residens,
656 478 781 537 audacia
811 478 919 538 mentis
947 480 1113 557 exagitatus

98 570 162 640 est,
186 569 289 643 utpote
317 567 369 642 qui
395 570 497 626 tantae
525 569 571 625 rei
592 566 689 628 uictor
711 569 862 643 extiterat,
890 567 941 627 sed
964 587 1031 628 cum
1053 567 1114 626 iam

100 655 296 714 altitudinem
328 656 455 716 aetheris
487 658 655 733 penetraret
686 656 896 732 Bellerophon,
928 660 1039 716 terram
1070 675 1113 715 re·

101 746 231 821 spiciens
259 745 442 820 stupefactus
465 748 495 804 et
519 744 722 804 excerebratus
745 745 864 820 cecidit,
891 745 1020 823 Pegasus
1043 764 1113 804 uero
1150 757 1166 805 5

103 835 184 892 inter
206 833 304 893 sidera
325 835 461 910 receptus
485 836 530 892 est
552 825 583 913 (r

195 915 252 983 29.
276 940 374 982 orcus
398 916 551 1000 saevias]
588 921 746 983 Possibiha
769 940 834 980 eam
853 922 957 981 suadet
976 922 1112 999 adpetere

100 1013 134 1069 et
165 1011 223 1069 sibi
254 1013 450 1086 competentia
483 1015 514 1070 et
543 1011 634 1088 digna
661 1029 786 1088 sperare.
834 1010 942 1070 Sensus
969 1030 1038 1088 ergo
1066 1013 1114 1070 hic

100 1103 162 1159 est:
185 1118 203 1158 o
226 1102 260 1158 tu
278 1099 378 1174 Philli,
401 1101 465 1158 uita
488 1100 686 1176 potentiorem
704 1100 866 1176 Telephum
890 1103 919 1158 et
942 1100 999 1159 tibi
1016 1100 1113 1176 dispa-

101 1208 180 1263 rem,
205 1190 310 1263 quiet
333 1189 424 1247 aliam
447 1193 536 1264 amat,
559 1193 590 1247 et
612 1208 658 1247 me
681 1188 782 1266 dilige,
805 1190 857 1265 qui
879 1189 937 1248 tibi
957 1208 1013 1264 par
1036 1201 1166 1250 sum:10

101 1277 171 1336 finis
194 1278 273 1335 enim
291 1279 348 1336 eris
367 1278 426 1337 mei
444 1279 561 1353 amoriS,
585 1279 665 1354 quia,
688 1279 714 1337 si
733 1278 921 1352 consenseris,
945 1279 1037 1336 aliam
1055 1296 1113 1338 non

102 1365 210 1426 amabo
234 1357 312 1446 (AV

194 1446 252 1515 34.
272 1472 424 1514 connisos
442 1448 560 1533 nonos]
591 1455 688 1528 Disce,
705 1456 813 1530 inquit,
832 1456 964 1514 carmina
983 1458 1013 1514 et
1030 1455 1113 1530 lyrae

101 1561 199 1617 sonos,
222 1562 295 1620 quos
319 1547 404 1604 suaui
427 1563 498 1604 uoce
521 1547 631 1614 cantes
653 1562 690 1602 ne
712 1546 823 1603 rustica
846 1542 975 1603 uidearis
995 1535 1072 1625 (AV

195 1624 251 1693 35.
280 1651 457 1694 unsvuurva
479 1626 596 1710 runnu]
637 1633 719 1691 Tunc
743 1634 821 1691 enim
844 1634 983 1708 uoluptas
1007 1632 1165 1692 admit-15

102 1723 188 1794 titur,
213 1721 238 1780 si
262 1740 333 1780 cura
354 1723 484 1799 pellatur
506 1714 586 1801 (AV

480 2129 597 2189 chau.
616 2129 679 2189 1111
700 2133 739 2189 12

462 2284 675 2369 [rnrnuoonos
700 2281 756 2369 (A]

193 2447 320 2489 unravnu
356 2447 464 2490 ramus
500 2446 647 2490 vnnsmvs
683 2447 931 2504 nscnarrnnuvu,
973 2448 1112 2496 ovunrvs

104 2534 277 2577 onnconrvs
300 2510 431 2599 (ABPb
1131 2531 1165 2579 2ο

196 2599 227 2667 l.
269 2624 324 2665 lau
349 2624 437 2666 vuius
462 2623 593 2666 ocurras
618 2625 646 2673 Q.
665 2626 696 2664 nr.
716 2601 758 2686 n]
804 2606 852 2666 Ad
873 2607 1040 2685 Vergilium
1062 2628 1112 2667 ne-

104 2697 281 2774 gotiatorem
317 2696 419 2755 scribit
456 2695 616 2754 admonens
652 2698 729 2756 ueris
766 2699 882 2772 tempus
915 2715 976 2756 esse
1009 2700 1112 2772 aptum

105 2785 233 2861 nauigio.
280 2784 431 2845 Vsitatum
459 2787 559 2844 autem
580 2787 677 2860 poetis
701 2789 745 2845 est
768 2787 881 2844 animas
905 2786 1001 2844 dicere
1023 2785 1112 2845 flatus

105 2877 272 2950 uentorum,
299 2874 370 2932 dum
398 2873 436 2932 ad
459 2873 603 2933 Graecum
630 2875 808 2934 uocabulum
829 2875 962 2934 referunt
984 2893 1111 2949 anemos,

105 2966 139 3020 ut
161 2956 262 3041 (Vera.
281 2961 354 3022 Aera
373 2962 448 3021 VIII
467 2955 559 3044 403):
1130 2974 1164 3022 25

237 3049 388 3120 Quantum
409 3054 493 3129 ignes
517 3055 691 3128 animaeque
714 3053 816 3111 ualent
839 3043 1111 3133 (AVocos.Porph.

192 3243 208 3290 9
227 3237 359 3308 phillip]
378 3237 475 3308 phillis
496 3240 523 3294 V
536 3238 612 3308 phili
630 3255 644 3293 c
663 3239 758 3294 filleris
776 3239 804 3292 A
875 3237 1020 3308 telephum
1040 3239 1111 3320 ch]

105 3309 220 3391 telefnm
238 3310 266 3363 A
339 3317 371 3364 11
374 3310 473 3392 quasi
491 3310 663 3364 consenseris
682 3312 710 3365 A
728 3310 796 3379 quia
815 3309 855 3363 sic
872 3309 990 3364 senseris
1004 3311 1030 3364 V
1044 3309 1111 3378 quia

106 3380 129 3434 ei
151 3382 272 3435 conseris
292 3398 306 3436 c
333 3381 382 3450 qui
406 3381 430 3435 si
449 3397 598 3435 consensus
618 3381 708 3450 eritp
816 3387 848 3434 13
867 3379 937 3450 lyrae
948 3381 981 3452 p]
999 3381 1069 3435 lirae
1089 3383 1116 3436 V

105 3451 154 3505 lire
168 3454 215 3507 Ac
287 3457 320 3505 19
335 3451 538 3522 asclipiadeum
552 3453 579 3506 B
651 3457 685 3505 20
699 3452 845 3522 glyconius
859 3453 917 3522 Br]
931 3451 1069 3524 gliconius
1083 3455 1111 3508 A

105 3521 257 3591 gliconicus
276 3525 313 3591 γὸ
363 3530 419 3577 21
438 3523 517 3616 ηερε]
537 3541 593 3578 ooo
611 3524 669 3578 ech.
684 3525 786 3594 Porph.
859 3530 893 3578 24
912 3524 1036 3594 anemos]
1052 3525 1111 3578 ani-

106 3610 163 3648 mos
181 3595 209 3648 A
228 3594 335 3650 animas
356 3595 451 3665 ch
433 3615 535 3666 ανεμος
553 3596 615 3650 edit.
