2612 3906
214 263 259 328 64
547 261 735 318 EXPOSITIO
753 263 793 318 IN
812 262 896 318 ΗΘΒ,

305 423 338 494 l.
375 448 394 490 o
422 448 512 490 ussus
544 449 703 490 aeranem
735 450 766 490 ru
798 449 882 490 uana
913 451 952 490 ra
984 448 1057 490 uovr
1080 425 1121 510 n]
1178 432 1242 492 Per

214 521 388 600 allegoriam
419 520 475 581 ode
506 521 566 581 ista
596 521 709 581 bellum
741 521 830 581 ciuile
859 521 1008 599 designat,
1038 523 1075 606 pt
1103 520 1242 596 quidam

215 611 334 684 uolunt,
362 609 415 668 alii
436 610 658 686 rempublicam.
705 609 821 669 Gertius
844 613 944 670 tamen
966 613 1025 684 est,
1053 609 1133 685 quod
1163 609 1243 669 Sex-

214 704 279 759 tum
301 699 476 775 Pompeium
503 697 598 756 filium
621 697 744 775 Pompei
770 702 903 774 moueat,
936 700 1001 775 qui,
1031 701 1246 774 posteaquam

181 788 320 849 oloedus
343 807 411 847 cum
433 789 600 847 triumuiris
623 788 703 864 fecit,
726 788 837 846 bellum
860 788 949 847 ciuile
972 787 1070 846 denuo
1087 806 1245 864 reparare

215 876 320 938 uoluit.
367 875 535 936 Secundum
567 881 667 936 autern
698 877 787 936 ciuile
814 877 925 936 bellum
952 877 1031 935 inter
1057 876 1246 954 Augustum

216 965 371 1025 Caesarem
399 971 430 1025 et
457 964 592 1024 Cassium
621 969 651 1025 ot
676 964 805 1025 Brutum
832 969 910 1039 erat,
942 967 994 1041 qui
1021 965 1146 1024 fuerunt
1181 963 1245 1024 Gai

216 1054 350 1114 Caesaris
391 1055 609 1130 interfectores,
649 1055 705 1113 sub
745 1055 852 1130 quibus
888 1054 1033 1113 Horatius
1074 1055 1244 1114 militauit.
1291 1015 1292 1080 l

215 1143 422 1218 Metapboram
445 1147 546 1202 autom
569 1144 697 1219 sumpsit
719 1162 737 1201 a
760 1145 845 1217 naui,
871 1163 906 1202 er
929 1144 1012 1202 cuius
1036 1145 1243 1203 armamentis

164 1243 197 1291 10
216 1235 246 1292 et
282 1232 391 1291 milites
429 1235 459 1291 ot
495 1232 626 1291 diuersas
658 1232 757 1291 uoluit
788 1231 1062 1292 administrationes
1094 1233 1244 1310 intellegi
1291 1224 1292 1240 ¹

217 1314 321 1404 (ΔΓα
334 1338 463 1396 conacp

306 1420 340 1490 2.
364 1422 515 1506 ravcrvs]
556 1426 674 1487 Bellum
696 1428 786 1487 ciuile
808 1428 932 1488 uocauit
955 1419 1050 1508 (Al'c
1053 1447 1078 1501 p

305 1528 341 1597 3.
364 1529 502 1614 rourum]
539 1535 655 1610 Pacem,
676 1537 711 1594 ut
733 1534 890 1595 Terentius
913 1525 1023 1615 (Andr
1043 1533 1090 1594 ΠΙ
1112 1537 1141 1610 1,
1162 1527 1244 1615 22):

474 1678 510 1737 In
533 1681 622 1755 portu
644 1678 756 1755 nauigo
780 1669 878 1758 (Arc
891 1694 968 1735 cons.
978 1694 1002 1750 p

166 1847 198 1896 15
307 1829 341 1896 3.
366 1826 400 1895 4.
422 1853 525 1894 nouus
547 1853 637 1893 mnus
661 1855 701 1895 vr
723 1855 830 1896 uvnvu
853 1855 880 1894 n.
900 1830 942 1914 a]
971 1835 1128 1894 Nudatum
1152 1837 1242 1897 latus

217 1926 291 2002 luga
314 1923 397 1983 (lassi
420 1927 450 1982 et
473 1924 630 1982 amissione
654 1926 798 1984 exercitus
823 1917 1035 2007 (Asconscp

307 2023 341 2091 b.
364 2049 403 2088 nr
427 2047 527 2090 unove
552 2047 663 2088 consur
686 2049 812 2094 snvcrvs
836 2026 964 2111 ararco]
996 2029 1096 2090 Graue
1118 2033 1241 2092 bellum

217 2120 351 2199 intellegi
373 2119 471 2178 uoluit
492 2140 545 2196 per
567 2124 693 2178 uentum
715 2124 957 2196 tempestuosum,
980 2124 1014 2180 ut
1037 2113 1142 2202 (Very.
1157 2121 1240 2182 Aera.
1290 2119 1291 2180 l

165 2209 302 2358 20185Ι
324 2209 393 2281 86).
804 2297 970 2374 creberque
992 2297 1131 2374 procellis

378 2405 498 2464 Africus
522 2397 684 2487 (Al'coas.
700 2422 742 2480 op

306 2564 369 2623 *Et
395 2567 491 2624 malus
515 2558 581 2647 (p)]
627 2565 736 2640 Arbor,
769 2583 845 2641 quae
872 2567 954 2624 tenet
981 2564 1094 2639 uelum,
1128 2569 1160 2625 et
1191 2569 1240 2626 est

218 2653 376 2713 masculini
399 2656 514 2730 generis
539 2647 721 2734 (soporae

307 2779 346 2819 nr
380 2753 495 2839 unove]
541 2758 655 2818 Malum
687 2761 890 2820 summitatem
923 2761 1036 2820 arboris
1069 2759 1160 2835 dixit,
1200 2765 1239 2821 ut

166 2861 200 2910 ec
219 2842 323 2932 (Vae.
342 2848 416 2909 Aa.
431 2849 459 2906 v
479 2848 551 2908 ees.
572 2841 665 2928 saep

804 2937 891 2998 Iubet
914 2939 995 2998 ocius
1018 2955 1118 2998 omnes

379 3027 489 3087 Attolli
510 3026 612 3085 malos.

309 3286 393 3340 lade
408 3318 441 3326 -
455 3285 566 3357 uolunt]
582 3284 727 3339 odemiste.
761 3284 845 3340 ciuile
859 3286 965 3340 bellum
979 3285 1009 3338 in
1023 3284 1153 3354 quodam.
1181 3303 1231 3340 no·
1288 3299 1289 3306 ¹

220 3355 283 3409 lunt
363 3358 436 3411 oden
453 3357 539 3411 istam
556 3358 604 3412 Ar
622 3355 760 3410 odemieta
778 3377 797 3410 α
879 3357 1010 3426 designat
1027 3358 1060 3410 ut
1078 3356 1104 3426 p]
1126 3355 1156 3408 in
1174 3372 1229 3425 qne

219 3428 311 3497 Arcp
390 3429 512 3499 3quod]
531 3428 599 3497 quia
616 3445 654 3497 cp
672 3429 704 3482 ut
722 3449 741 3482 α
818 3429 903 3498 Aqui
918 3460 950 3468 -
965 3427 1044 3498 facit]
1065 3427 1114 3496 qui
1132 3431 1228 3496 postea

221 3498 290 3554 atris
370 3498 487 3553 cfedus
505 3501 534 3554 A
604 3499 674 3554 feeit
691 3520 710 3552 α
781 3500 922 3570 reparare]
943 3514 1037 3554 cesare
1055 3519 1074 3552 α
1152 3504 1226 3554 lca-

221 3585 312 3623 earem
330 3570 358 3623 A
376 3569 400 3621 tr
418 3585 541 3622 cesarem
560 3590 579 3622 α
652 3572 712 3624 erat
730 3571 758 3639 y]
778 3570 833 3622 fuit
851 3586 929 3624 com.
944 3571 1016 3624 Ara
1107 3573 1223 3626 9meto-

220 3640 337 3710 phorom
360 3640 393 3709 p]
412 3638 627 3705 methaphoram
654 3657 669 3694 c
704 3637 870 3692 metaforam
893 3640 954 3690 ΑΓ
985 3637 1152 3691 metoforam
1173 3661 1190 3692 α
