2674 3922
526 256 634 312 CARM.
647 257 730 311 11114
986 247 991 254 ’
1069 256 1135 329 341

118 425 202 486 tibus
234 426 344 484 armati
375 425 562 502 prodierunt,
594 443 630 482 ex
658 424 764 500 quibus
793 424 909 500 aliquos
936 425 968 482 in
996 425 1136 484 societate

121 512 294 588 condendae
317 513 398 573 urbis
422 512 551 572 Cadmus
574 513 684 572 dicitur
709 512 869 572 adsciuisse
893 505 972 594 (AV

211 612 271 682 64.
294 637 502 679 nomonmavn
526 613 663 697 annana]
699 618 747 677 Ab
767 619 897 678 Echione
916 619 1061 695 conditae,
1085 620 1137 695 qui

119 711 182 768 fuit
203 712 290 787 pater
312 709 446 784 Penthei,
469 727 558 786 gener
581 706 686 766 Cadmi
710 699 789 788 (AV

212 808 270 877 65.
312 832 431 874 nassas
463 808 642 892 rnoavnno]
689 813 721 872 Si
752 815 928 873 mersaueris
961 815 1137 892 Romanum,
1173 826 1188 874 a

120 905 175 980 ait,
197 904 304 965 fortior
325 902 373 978 fit3
405 905 450 963 ita
473 906 572 961 autem
595 903 651 961 hoc
673 903 797 961 uerbum
820 902 999 962 declinatur:
1031 921 1137 978 merse,

119 1011 242 1069 mersas,
264 996 300 1051 ut
322 985 426 1073 (Vero.
443 1009 538 1065 9669.
557 990 573 1048 Ι
592 982 685 1072 272):

281 1095 389 1175 Fluuio
412 1134 541 1174 mersare
565 1115 678 1174 salubri
701 1108 781 1196 (AV

211 1275 387 1319 momen
409 1252 536 1337 avam]
576 1258 689 1316 Exislit
712 1249 791 1339 (AV

213 1357 271 1424 66.
300 1381 406 1425 mia
427 1358 583 1442 raonvar]
624 1364 706 1423 Idcst
728 1365 754 1423 si
777 1364 944 1424 Romanrun
965 1365 1136 1440 prouocaris
1157 1374 1190 1422 10

122 1453 161 1512 ad
184 1455 412 1528 contentionem,
436 1454 574 1530 quamuis
597 1453 760 1511 multorum
783 1453 880 1512 uictor
902 1453 969 1527 eris,
991 1451 1080 1511 facile
1099 1453 1136 1510 ab

120 1543 175 1602 illo
198 1542 384 1618 superaberis
408 1533 487 1622 (AV

171 1667 173 1670 ⁴
211 1643 367 1727 Pnonvar]
413 1648 551 1722 Euertet‚
578 1649 691 1722 uincet,
715 1651 750 1706 ut
773 1640 1136 1727 (Ver9.ycory.1481):

257 1771 383 1831 Proruct
406 1772 511 1833 insano
534 1775 730 1848 contorquens
753 1771 864 1830 uertice
888 1771 979 1830 siluas
1003 1763 1082 1852 (AV

212 1908 384 1992 mraonvu]
420 1913 499 1973 Ante
521 1933 582 1973 non
604 1915 718 1973 uictum
742 1906 821 1996 (AV
1157 1923 1189 1971 lo

211 2012 270 2080 68.
294 2037 427 2078 raanan
451 2037 634 2081 conivarava
652 2015 695 2099 n]
731 2021 795 2080 Aut
812 2039 868 2097 pro
885 2021 973 2079 laude
992 2022 1136 2080 uictoriae

120 2108 277 2167 referenda
299 2108 473 2187 coniugibus
493 2111 546 2168 aut
563 2127 618 2186 pro
636 2110 812 2170 maritorum
830 2111 942 2169 uirtute
963 2109 1137 2187 coniugibus
1180 2143 1182 2154 ι

122 2197 271 2256 narranda
295 2190 374 2278 (AV
389 2199 425 2271 cf.
443 2198 548 2272 Porpb.

213 2278 271 2346 69.
294 2303 351 2343 niu
372 2304 435 2346 non
457 2304 520 2345 neo
543 2282 688 2366 uranos]
728 2286 833 2345 Adhuc
856 2287 941 2344 uelut
958 2285 1137 2344 Hannibalis

124 2365 322 2448 uerba'sunt3
345 2377 445 2433 tamen
468 2375 553 2433 iuxta
575 2376 718 2433 historiae
740 2374 829 2432 fidem
852 2375 916 2433 uiso
939 2373 1190 2432 Hasdrubaliano

123 2461 222 2537 capito
255 2462 286 2519 in
318 2462 390 2524 haec
422 2463 522 2523 dolore
555 2463 636 2522 dicta
668 2462 820 2522 Hannibal
852 2463 962 2521 dieitur
993 2463 1136 2538 erupisse:

257 2584 395 2664 Agnosco
418 2589 458 2662 te,
484 2590 604 2646 fortuna
629 2585 817 2664 Carthaginis

123 2721 203 2808 (AV
212 2727 298 2802 pout.
316 2729 379 2788 aba.
399 2730 503 2804 Perpb.

212 2991 226 3038 1
247 2986 383 3040 societate
401 2986 508 3057 Ach]
528 2986 692 3040 societatem
710 2987 772 3042 ertit.
792 2991 844 3040 aet.
918 2984 1060 3040 abdenda
1074 2988 1102 3040 A

124 3060 139 3107 3
160 3054 197 3109 Et
223 3055 335 3128 ionicae
362 3056 463 3111 thebas
481 3059 510 3110 A
619 3062 652 3110 10
678 3057 876 3126 prouocaueris
897 3059 924 3113 V
1027 3062 1058 3109 11
1083 3055 1137 3110 eris

121 3125 332 3199 6111661166
355 3128 397 3194 A,
424 3129 511 3183 locem
534 3144 584 3184 cm.
600 3145 627 3195 c,
653 3127 691 3181 sis
712 3129 756 3197 Vp
866 3133 898 3182 13
918 3129 1026 3182 euertat
1045 3127 1083 3197 V]
1102 3131 1137 3180 ea

121 3198 151 3250 te
169 3198 197 3251 A
293 3203 326 3251 16
344 3198 481 3253 uictoriae
502 3199 559 3270 Vp]
577 3198 696 3253 uictoria
715 3200 762 3254 Ao
854 3202 888 3251 19
906 3197 1067 3252 hannibalis
1088 3198 1137 3269 Vc]
1177 3236 1179 3242 .

122 3266 263 3322 annibalis
289 3270 341 3338 Ap
449 3275 482 3324 20
509 3269 689 3324 hasdrubalis
712 3271 771 3340 Ac]
798 3269 971 3324 hastrubalis
991 3271 1018 3324 V
1041 3269 1138 3323 asdru-

121 3338 195 3392 balis
215 3355 237 3407 p
344 3346 377 3393 21
402 3339 473 3394 haec
500 3341 595 3396 dolore
623 3341 701 3395 dicta
724 3342 764 3412 A]
791 3341 862 3395 haec
889 3341 967 3395 dicta
995 3340 1139 3396 dolorch

122 3407 183 3462 haeo
200 3409 329 3479 dolorep
400 3410 537 3466 hannibal
548 3412 587 3482 V]
606 3411 723 3466 annibal
738 3415 790 3480 Ap
808 3411 953 3467 hanibale
1025 3418 1058 3465 22
1078 3427 1137 3466 car-

121 3479 227 3548 taginis
241 3483 279 3548 V;
297 3482 332 3548 cf.
347 3482 451 3538 Liuius
468 3481 570 3538 XXVII
584 3488 631 3536 51:
650 3481 803 3550 Hannibal,
822 3484 902 3538 tanto
921 3482 1005 3538 simul
1023 3482 1137 3552 publico

121 3548 313 3674 163611111631666
340 3552 414 3607 ictus
441 3553 532 3622 laetu,
561 3569 713 3624 agnoscere
741 3570 770 3609 se
793 3552 936 3608 fortunam
959 3551 1137 3622 Carthaginis

135 3635 150 3674 e
197 3638 212 3674 r
251 3637 336 3675 ixrsse
