2612 3906
462 1129 786 1212 PRAEFATIO

214 1415 361 1486 Quoniam
401 1419 470 1476 ante
510 1418 564 1476 hos
601 1417 800 1494 quadraginta
837 1434 930 1474 annos
966 1415 1133 1474 Horatiana

115 1507 238 1566 scholia
265 1506 350 1565 edere
376 1506 461 1566 uobis
488 1507 709 1580 proposuimus,
736 1504 817 1563 haud
845 1523 914 1563 sane
942 1504 1038 1562 defuit
1059 1506 1132 1562 tam·

113 1598 202 1669 poris
228 1597 367 1670 spatium,
388 1597 462 1670 quin
484 1595 557 1653 satis
581 1593 714 1668 amplum
737 1596 768 1651 et
786 1595 958 1654 accuratum
977 1611 1133 1670 congerere

113 1703 274 1758 possemus
302 1686 487 1760 apparatum.
528 1683 590 1742 Nec
618 1683 697 1742 solus
721 1682 858 1758 equidem
881 1683 1034 1759 negotium
1056 1682 1133 1740 illud

114 1791 321 1850 susceperam,
349 1771 399 1832 sed
421 1771 586 1836 adiuuabar
609 1773 756 1830 carissimi
778 1772 868 1834 amici
890 1789 993 1846 opera,
1016 1770 1134 1829 Aliredi

114 1860 255 1935 Holderi,
278 1863 360 1920 ouius
385 1861 557 1920 collationes
581 1861 713 1919 omnium
737 1860 974 1938 diligentissimis
993 1860 1133 1918 adnume-

115 1951 230 2010 randas
253 1969 314 2010 esse
337 1951 388 2008 uix
411 1951 568 2026 quisquam
590 1950 754 2028 negauerit.

209 2039 316 2115 Itaque
346 2040 380 2096 in
409 2037 612 2097 Pseudacrone
644 2039 739 2096 multo
772 2037 908 2096 uberiore
941 2056 976 2096 ac
1008 2039 1133 2096 certiore

117 2129 165 2185 uti
192 2129 270 2186 mihi
296 2128 383 2186 licuit
409 2129 561 2185 uariarum
588 2127 751 2185 lectionum
778 2128 928 2204 congerie,
956 2145 1047 2201 quam
1074 2129 1134 2186 ista

117 2215 230 2292 fixerat,
253 2235 312 2292 qua
335 2218 461 2290 utraque
483 2217 612 2290 proximi
632 2216 743 2275 saeculi
762 2216 853 2274 editio
872 2214 1034 2290 nitebatur,
1057 2215 1133 2274 Pan-

119 2303 244 2378 lyanam
276 2306 341 2364 dico
376 2295 509 2384 (Scholia
537 2303 704 2363 Horatiana
736 2323 812 2380 quae
844 2304 981 2362 feruntur
1008 2303 1133 2363 Acronis

120 2394 150 2450 et
168 2393 395 2469 Porphyrionis,
419 2393 509 2451 editio
533 2412 609 2468 quae
633 2393 787 2452 dicebatur
810 2393 905 2451 altera
923 2392 1011 2470 Prag.
1033 2385 1132 2472 1861)

121 2483 151 2538 61
182 2482 418 2540 Hauthalianam
453 2473 591 2561 (Acronis
624 2483 655 2539 et
681 2481 895 2557 Porphyrionis
929 2483 1135 2540 commentarii

120 2569 152 2626 in
185 2569 219 2640 Q.
243 2570 403 2629 Horatium
434 2570 587 2644 Flaccum,
620 2570 663 2628 ed.
694 2571 790 2628 Berol.
822 2562 930 2651 1864).
985 2570 1135 2645 Paulyum

123 2660 202 2717 enim
234 2678 334 2718 omnes
366 2661 462 2718 nostri
495 2659 608 2718 codices
640 2659 794 2717 latuerunt
824 2661 944 2734 praeter
975 2658 1135 2718 admodum

122 2750 271 2807 recentem
303 2750 333 2806 et
363 2747 541 2806 mediocrem
573 2748 682 2806 librum
711 2765 737 2821 c,
769 2747 951 2806 Hauthalius
980 2749 1014 2804 ut
1040 2748 1134 2808 bonos

124 2837 243 2908 quidem
265 2837 382 2912 aliquot
405 2836 518 2896 codices
539 2838 625 2894 nouit
642 2835 803 2910 Parisinos,
826 2839 871 2895 ita
890 2838 920 2896 et
938 2836 1013 2895 alios
1032 2839 1135 2915 magni

124 2927 267 2983 momenti
288 2925 380 2984 libros
403 2927 437 2983 ut
457 2925 544 2984 erb
566 2944 687 3000 prorsus
710 2926 842 3003 neglexit
860 2927 890 2984 et
908 2943 966 2998 eos,
990 2945 1063 2999 quos
1083 2926 1134 2984 ad·

124 3009 228 3088 hibuit,
246 3016 369 3090 propter
387 3015 532 3072 incuriam
551 3033 636 3073 suam
655 3033 721 3072 curn
739 3013 1004 3073 innumerabilibus
1019 3015 1132 3074 mendis

126 3099 224 3176 edidit,
247 3104 386 3178 locosque
409 3105 563 3178 corruptos
586 3122 687 3186 paene¹
703 3122 803 3162 omnes
827 3105 880 3161 aut
903 3122 963 3162 non
985 3104 1134 3162 intellexit

126 3192 177 3248 aut
198 3193 328 3268 ineptius
351 3192 502 3250 tractauit.

210 3279 272 3340 Nos
304 3300 358 3357 pro
391 3281 505 3355 optimo
538 3280 731 3338 fundamento
761 3280 919 3340 habuimus
948 3282 1079 3340 codicem
1106 3281 1136 3339 A

128 3403 167 3430 ξ
186 3387 248 3445 cod.
267 3385 371 3446 Horat.
389 3386 560 3445 Parisiuum
595 3387 679 3446 7900
707 3385 737 3444 A
767 3406 841 3446 saec.
866 3387 905 3462 X,
942 3406 1068 3463 eumque
1101 3391 1135 3446 ut

127 3468 168 3530 ita
191 3475 286 3534 dicam
308 3478 407 3534 totum
429 3476 512 3550 prelo
535 3475 714 3534 tradidimus
739 3476 948 3550 excudendum,
973 3479 1017 3534 ita
1041 3479 1075 3534 ut
1097 3495 1134 3532 ne
1158 3523 1163 3536 .

129 3557 282 3622 falsissima
316 3565 434 3638 quidem
466 3565 627 3639 scriptura,
659 3566 718 3623 nisi
745 3564 885 3623 librarius
913 3566 976 3639 ipse
1004 3581 1133 3622 errorem

1143 3800 1253 3848 A
