<?xml version="1.0" encoding="UTF-8"?>
<!DOCTYPE html PUBLIC "-//W3C//DTD XHTML 1.0 Transitional//EN"
    "http://www.w3.org/TR/xhtml1/DTD/xhtml1-transitional.dtd">
<html xmlns="http://www.w3.org/1999/xhtml" xml:lang="en" lang="en">
 <head>
  <title>
</title>
<meta http-equiv="Content-Type" content="text/html;charset=utf-8" />
  <meta name='ocr-system' content='tesseract 3.04.00' />
  <meta name='ocr-capabilities' content='ocr_page ocr_carea ocr_par ocr_line ocrx_word'/>
</head>
<body>
  <div class='ocr_page' id='page_1' title='image "./pseudacronissch02kellgoog/pseudacronissch02kellgoog_0086.png"; bbox 0 0 2612 3906; ppageno 0'>
   <div class='ocr_carea' id='block_1_1' title="bbox 481 234 1108 302">
    <p class='ocr_par' dir='ltr' id='par_1_1' title="bbox 481 234 1108 302">
     <span class='ocr_line' id='line_1_1' title="bbox 481 234 1108 302; baseline 0.003 -14"><span class='ocrx_word' id='word_1_1' title='bbox 481 234 589 290; x_wconf 80' lang='lat' dir='ltr'><strong>GARM.</strong></span> <span class='ocrx_word' id='word_1_2' title='bbox 605 236 673 290; x_wconf 84' lang='lat'>114.</span> <span class='ocrx_word' id='word_1_3' title='bbox 690 241 723 290; x_wconf 79' lang='lat'><strong>15</strong></span> <span class='ocrx_word' id='word_1_4' title='bbox 1067 238 1108 302; x_wconf 82' lang='grc'><strong>67</strong></span> 
     </span>
    </p>
   </div>
   <div class='ocr_carea' id='block_1_2' title="bbox 76 398 1160 1268">
    <p class='ocr_par' dir='ltr' id='par_1_2' title="bbox 78 398 1109 662">
     <span class='ocr_line' id='line_1_2' title="bbox 182 398 1109 483; baseline 0 -19"><span class='ocrx_word' id='word_1_5' title='bbox 182 399 222 465; x_wconf 83' lang='grc'><strong>5.</strong></span> <span class='ocrx_word' id='word_1_6' title='bbox 259 422 344 463; x_wconf 76' lang='lat' dir='ltr'><strong>unna</strong></span> <span class='ocrx_word' id='word_1_7' title='bbox 370 421 460 464; x_wconf 83' lang='lat' dir='ltr'><strong>nvcrs</strong></span> <span class='ocrx_word' id='word_1_8' title='bbox 488 398 555 483; x_wconf 75' lang='lat' dir='ltr'><strong>nu]</strong></span> <span class='ocrx_word' id='word_1_9' title='bbox 600 404 657 464; x_wconf 86' lang='lat' dir='ltr'><strong>Pro</strong></span> <span class='ocrx_word' id='word_1_10' title='bbox 690 424 745 464; x_wconf 89' lang='lat' dir='ltr'><strong>aue</strong></span> <span class='ocrx_word' id='word_1_11' title='bbox 776 405 890 480; x_wconf 79' lang='lat' dir='ltr'>posuit,</span> <span class='ocrx_word' id='word_1_12' title='bbox 922 405 998 466; x_wconf 84' lang='lat' dir='ltr'><strong>idest</strong></span> <span class='ocrx_word' id='word_1_13' title='bbox 1029 407 1109 465; x_wconf 86' lang='lat' dir='ltr'><strong>malo</strong></span> 
     </span>
     <span class='ocr_line' id='line_1_3' title="bbox 78 485 1109 574; baseline 0.002 -21"><span class='ocrx_word' id='word_1_14' title='bbox 78 496 232 572; x_wconf 85' lang='lat' dir='ltr'><strong>auspicio</strong></span> <span class='ocrx_word' id='word_1_15' title='bbox 256 487 345 574; x_wconf 79' lang='lat' dir='ltr'><strong>(cons.</strong></span> <span class='ocrx_word' id='word_1_16' title='bbox 363 485 498 574; x_wconf 80' lang='lat' dir='ltr'><strong>Porplr.)3</strong></span> <span class='ocrx_word' id='word_1_17' title='bbox 530 512 601 570; x_wconf 84' lang='lat' dir='ltr'><strong>ergo</strong></span> <span class='ocrx_word' id='word_1_18' title='bbox 627 512 687 553; x_wconf 91' lang='lat' dir='ltr'><strong>non</strong></span> <span class='ocrx_word' id='word_1_19' title='bbox 714 494 795 552; x_wconf 88' lang='lat' dir='ltr'><strong>mala</strong></span> <span class='ocrx_word' id='word_1_20' title='bbox 822 493 919 569; x_wconf 78' lang='lat' dir='ltr'><strong>dacia,</strong></span> <span class='ocrx_word' id='word_1_21' title='bbox 951 496 1001 554; x_wconf 91' lang='lat' dir='ltr'><strong>sed</strong></span> <span class='ocrx_word' id='word_1_22' title='bbox 1029 496 1109 555; x_wconf 87' lang='lat' dir='ltr'><strong>mala</strong></span> 
     </span>
     <span class='ocr_line' id='line_1_4' title="bbox 80 574 737 662; baseline -0.003 -20"><span class='ocrx_word' id='word_1_23' title='bbox 80 586 137 642; x_wconf 86' lang='lat' dir='ltr'><strong>aui</strong></span> <span class='ocrx_word' id='word_1_24' title='bbox 162 581 401 660; x_wconf 81' lang='lat' dir='ltr'><strong>intellegendum</strong></span> <span class='ocrx_word' id='word_1_25' title='bbox 425 584 470 641; x_wconf 81' lang='lat' dir='ltr'><strong>est</strong></span> <span class='ocrx_word' id='word_1_26' title='bbox 492 574 591 662; x_wconf 83' lang='grc' dir='ltr'>(ΑΓα</span> <span class='ocrx_word' id='word_1_27' title='bbox 604 600 679 642; x_wconf 74' lang='lat' dir='ltr'><strong>coras.</strong></span> <span class='ocrx_word' id='word_1_28' title='bbox 694 599 737 656; x_wconf 82' lang='lat' dir='ltr'><strong>cp</strong></span> 
     </span>
    </p>

    <p class='ocr_par' dir='ltr' id='par_1_3' title="bbox 180 662 789 750">
     <span class='ocr_line' id='line_1_5' title="bbox 180 662 789 750; baseline -0.003 -19"><span class='ocrx_word' id='word_1_29' title='bbox 180 665 221 732; x_wconf 83' lang='lat'><strong>6.</strong></span> <span class='ocrx_word' id='word_1_30' title='bbox 254 665 353 749; x_wconf 74' lang='lat' dir='ltr'><strong>evan]</strong></span> <span class='ocrx_word' id='word_1_31' title='bbox 393 670 538 729; x_wconf 83' lang='lat' dir='ltr'><strong>Helenam</strong></span> <span class='ocrx_word' id='word_1_32' title='bbox 562 662 664 750; x_wconf 82' lang='grc' dir='ltr'><strong>(ΑΓα</strong></span> <span class='ocrx_word' id='word_1_33' title='bbox 678 689 731 730; x_wconf 81' lang='lat' dir='ltr'><strong>om.</strong></span> <span class='ocrx_word' id='word_1_34' title='bbox 746 689 789 745; x_wconf 85' lang='lat' dir='ltr'><strong>cp</strong></span> 
     </span>
    </p>

    <p class='ocr_par' dir='ltr' id='par_1_4' title="bbox 178 751 1160 840">
     <span class='ocr_line' id='line_1_6' title="bbox 178 751 1160 840; baseline 0.006 -22"><span class='ocrx_word' id='word_1_35' title='bbox 178 761 333 836; x_wconf 75' lang='lat' dir='ltr'><strong>*Repetet</strong></span> <span class='ocrx_word' id='word_1_36' title='bbox 356 751 423 840; x_wconf 80' lang='lat' dir='ltr'><strong>(p)]</strong></span> <span class='ocrx_word' id='word_1_37' title='bbox 464 759 607 836; x_wconf 88' lang='lat' dir='ltr'><strong>Requiret</strong></span> <span class='ocrx_word' id='word_1_38' title='bbox 630 752 694 840; x_wconf 86' lang='grc' dir='ltr'><strong>(Γα</strong></span> <span class='ocrx_word' id='word_1_39' title='bbox 698 779 722 834; x_wconf 88' lang='lat' dir='ltr'><strong>p</strong></span> <span class='ocrx_word' id='word_1_40' title='bbox 736 778 820 819; x_wconf 75' lang='lat' dir='ltr'><strong>cmc</strong></span> <span class='ocrx_word' id='word_1_41' title='bbox 1145 776 1160 824; x_wconf 87' lang='lat'><strong>5</strong></span> 
     </span>
    </p>

    <p class='ocr_par' dir='ltr' id='par_1_5' title="bbox 178 840 926 929">
     <span class='ocr_line' id='line_1_7' title="bbox 178 840 926 929; baseline -0.001 -22"><span class='ocrx_word' id='word_1_42' title='bbox 178 849 301 908; x_wconf 78' lang='lat' dir='ltr'><strong>*Multo</strong></span> <span class='ocrx_word' id='word_1_43' title='bbox 323 849 419 908; x_wconf 85' lang='lat' dir='ltr'><strong>milite</strong></span> <span class='ocrx_word' id='word_1_44' title='bbox 442 840 500 929; x_wconf 86' lang='lat' dir='ltr'><strong>(c)]</strong></span> <span class='ocrx_word' id='word_1_45' title='bbox 541 848 636 907; x_wconf 82' lang='lat' dir='ltr'><strong>Multo</strong></span> <span class='ocrx_word' id='word_1_46' title='bbox 661 851 790 908; x_wconf 86' lang='lat' dir='ltr'><strong>exercitu</strong></span> <span class='ocrx_word' id='word_1_47' title='bbox 813 841 926 928; x_wconf 76' lang='lat' dir='ltr'><strong>(I&#39;ccp</strong></span> 
     </span>
    </p>

    <p class='ocr_par' dir='ltr' id='par_1_6' title="bbox 76 932 1159 1268">
     <span class='ocr_line' id='line_1_8' title="bbox 180 932 1107 1016; baseline 0.002 -20"><span class='ocrx_word' id='word_1_48' title='bbox 180 932 219 998; x_wconf 77' lang='lat'><strong>7.</strong></span> <span class='ocrx_word' id='word_1_49' title='bbox 254 955 389 997; x_wconf 68' lang='lat' dir='ltr'><strong>cainoni</strong></span> <span class='ocrx_word' id='word_1_50' title='bbox 415 955 522 996; x_wconf 76' lang='lat' dir='ltr'><strong>nunna</strong></span> <span class='ocrx_word' id='word_1_51' title='bbox 551 932 739 1016; x_wconf 72' lang='lat' dir='ltr'><strong>commanda]</strong></span> <span class='ocrx_word' id='word_1_52' title='bbox 784 938 866 996; x_wconf 84' lang='lat' dir='ltr'>Inter</span> <span class='ocrx_word' id='word_1_53' title='bbox 894 940 1048 998; x_wconf 87' lang='lat' dir='ltr'><strong>coniurare</strong></span> <span class='ocrx_word' id='word_1_54' title='bbox 1077 944 1107 998; x_wconf 90' lang='lat' dir='ltr'><strong>et</strong></span> 
     </span>
     <span class='ocr_line' id='line_1_9' title="bbox 78 1026 1106 1104; baseline 0 -18"><span class='ocrx_word' id='word_1_55' title='bbox 78 1029 264 1104; x_wconf 87' lang='lat' dir='ltr'><strong>conspirare</strong></span> <span class='ocrx_word' id='word_1_56' title='bbox 281 1026 337 1086; x_wconf 87' lang='lat' dir='ltr'><strong>hoc</strong></span> <span class='ocrx_word' id='word_1_57' title='bbox 355 1028 487 1100; x_wconf 89' lang='lat' dir='ltr'><strong>interest,</strong></span> <span class='ocrx_word' id='word_1_58' title='bbox 506 1026 587 1102; x_wconf 92' lang='lat' dir='ltr'><strong>quod</strong></span> <span class='ocrx_word' id='word_1_59' title='bbox 606 1028 775 1102; x_wconf 88' lang='lat' dir='ltr'><strong>conspirare</strong></span> <span class='ocrx_word' id='word_1_60' title='bbox 792 1027 943 1085; x_wconf 89' lang='lat' dir='ltr'><strong>interdum</strong></span> <span class='ocrx_word' id='word_1_61' title='bbox 961 1028 1106 1088; x_wconf 92' lang='lat' dir='ltr'><strong>bonorum</strong></span> 
     </span>
     <span class='ocr_line' id='line_1_10' title="bbox 77 1114 1105 1192; baseline 0 -18"><span class='ocrx_word' id='word_1_62' title='bbox 77 1120 135 1191; x_wconf 87' lang='lat' dir='ltr'><strong>est,</strong></span> <span class='ocrx_word' id='word_1_63' title='bbox 161 1116 317 1174; x_wconf 88' lang='lat' dir='ltr'><strong>malorum</strong></span> <span class='ocrx_word' id='word_1_64' title='bbox 340 1116 501 1175; x_wconf 87' lang='lat' dir='ltr'><strong>coniurare.</strong></span> <span class='ocrx_word' id='word_1_65' title='bbox 538 1115 628 1190; x_wconf 83' lang='lat' dir='ltr'><strong>Apud</strong></span> <span class='ocrx_word' id='word_1_66' title='bbox 650 1114 791 1174; x_wconf 83' lang='lat' dir='ltr'><strong>Aulidem</strong></span> <span class='ocrx_word' id='word_1_67' title='bbox 814 1116 893 1174; x_wconf 91' lang='lat' dir='ltr'><strong>enim</strong></span> <span class='ocrx_word' id='word_1_68' title='bbox 915 1121 1105 1192; x_wconf 90' lang='lat' dir='ltr'><strong>promunctu-</strong></span> 
     </span>
     <span class='ocr_line' id='line_1_11' title="bbox 76 1203 1159 1268; baseline 0.006 -7"><span class='ocrx_word' id='word_1_69' title='bbox 76 1206 164 1263; x_wconf 90' lang='lat' dir='ltr'><strong>rium</strong></span> <span class='ocrx_word' id='word_1_70' title='bbox 202 1205 241 1264; x_wconf 89' lang='lat' dir='ltr'><strong>ab</strong></span> <span class='ocrx_word' id='word_1_71' title='bbox 274 1205 409 1264; x_wconf 88' lang='lat' dir='ltr'><strong>omnibus</strong></span> <span class='ocrx_word' id='word_1_72' title='bbox 437 1203 557 1262; x_wconf 86' lang='lat' dir='ltr'><strong>Graecis</strong></span> <span class='ocrx_word' id='word_1_73' title='bbox 590 1205 628 1264; x_wconf 86' lang='lat' dir='ltr'><strong>ad</strong></span> <span class='ocrx_word' id='word_1_74' title='bbox 658 1203 804 1263; x_wconf 81' lang='lat' dir='ltr'><strong>excidium</strong></span> <span class='ocrx_word' id='word_1_75' title='bbox 832 1205 938 1264; x_wconf 78' lang='lat' dir='ltr'><strong>Troiae</strong></span> <span class='ocrx_word' id='word_1_76' title='bbox 967 1205 1104 1264; x_wconf 83' lang='lat' dir='ltr'><strong>euntibus</strong></span> <span class='ocrx_word' id='word_1_77' title='bbox 1126 1220 1159 1268; x_wconf 88' lang='lat'><strong>10</strong></span> 
     </span>
    </p>
   </div>
   <div class='ocr_carea' id='block_1_3' title="bbox 74 1286 1117 1462">
    <p class='ocr_par' dir='ltr' id='par_1_7' title="bbox 74 1286 1117 1462">
     <span class='ocr_line' id='line_1_12' title="bbox 75 1286 1104 1376; baseline 0.003 -26"><span class='ocrx_word' id='word_1_78' title='bbox 75 1294 224 1352; x_wconf 85' lang='lat' dir='ltr'><strong>iuratum</strong></span> <span class='ocrx_word' id='word_1_79' title='bbox 248 1297 306 1367; x_wconf 88' lang='lat' dir='ltr'><strong>est,</strong></span> <span class='ocrx_word' id='word_1_80' title='bbox 335 1293 415 1369; x_wconf 92' lang='lat' dir='ltr'><strong>quod</strong></span> <span class='ocrx_word' id='word_1_81' title='bbox 436 1294 617 1352; x_wconf 90' lang='lat' dir='ltr'><strong>unanimiter</strong></span> <span class='ocrx_word' id='word_1_82' title='bbox 640 1293 829 1368; x_wconf 69' lang='lat' dir='ltr'><strong>dimicarent,</strong></span> <span class='ocrx_word' id='word_1_83' title='bbox 852 1297 886 1352; x_wconf 92' lang='lat' dir='ltr'><strong>ut</strong></span> <span class='ocrx_word' id='word_1_84' title='bbox 909 1286 1011 1376; x_wconf 74' lang='lat' dir='ltr'><strong>(Verp.</strong></span> <span class='ocrx_word' id='word_1_85' title='bbox 1031 1292 1104 1353; x_wconf 78' lang='lat' dir='ltr'><strong>Aru.</strong></span> 
     </span>
     <span class='ocr_line' id='line_1_13' title="bbox 74 1373 1117 1462; baseline 0 -22"><span class='ocrx_word' id='word_1_86' title='bbox 74 1381 150 1440; x_wconf 42' lang='lat' dir='ltr'><strong>1111w</strong></span> <span class='ocrx_word' id='word_1_87' title='bbox 168 1383 248 1441; x_wconf 84' lang='lat'><strong>425.</strong></span> <span class='ocrx_word' id='word_1_88' title='bbox 268 1373 360 1462; x_wconf 62' lang='lat' dir='ltr'><strong>resp</strong></span> <span class='ocrx_word' id='word_1_89' title='bbox 1115 1391 1117 1398; x_wconf 64' lang='grc'>’</span> 
     </span>
    </p>
   </div>
   <div class='ocr_carea' id='block_1_4' title="bbox 224 1504 1069 1676">
    <p class='ocr_par' dir='ltr' id='par_1_8' title="bbox 224 1504 1069 1676">
     <span class='ocr_line' id='line_1_14' title="bbox 224 1504 1069 1583; baseline 0 -19"><span class='ocrx_word' id='word_1_90' title='bbox 224 1506 293 1566; x_wconf 88' lang='lat' dir='ltr'><strong>Non</strong></span> <span class='ocrx_word' id='word_1_91' title='bbox 311 1524 365 1583; x_wconf 82' lang='lat' dir='ltr'><strong>ego</strong></span> <span class='ocrx_word' id='word_1_92' title='bbox 384 1524 451 1564; x_wconf 90' lang='lat' dir='ltr'><strong>cum</strong></span> <span class='ocrx_word' id='word_1_93' title='bbox 468 1505 582 1564; x_wconf 88' lang='lat' dir='ltr'><strong>Danais</strong></span> <span class='ocrx_word' id='word_1_94' title='bbox 601 1506 761 1564; x_wconf 77' lang='lat' dir='ltr'><strong>Troianam</strong></span> <span class='ocrx_word' id='word_1_95' title='bbox 780 1504 933 1564; x_wconf 74' lang='lat' dir='ltr'><strong>excindere</strong></span> <span class='ocrx_word' id='word_1_96' title='bbox 952 1511 1069 1583; x_wconf 85' lang='lat' dir='ltr'><strong>gentem</strong></span> 
     </span>
     <span class='ocr_line' id='line_1_15' title="bbox 226 1587 747 1676; baseline -0.002 -23"><span class='ocrx_word' id='word_1_97' title='bbox 226 1595 335 1653; x_wconf 86' lang='lat' dir='ltr'><strong>Aulide</strong></span> <span class='ocrx_word' id='word_1_98' title='bbox 357 1596 457 1653; x_wconf 91' lang='lat' dir='ltr'><strong>iuraui</strong></span> <span class='ocrx_word' id='word_1_99' title='bbox 481 1587 579 1676; x_wconf 85' lang='grc' dir='ltr'>(ΑΓα</span> <span class='ocrx_word' id='word_1_100' title='bbox 593 1611 668 1652; x_wconf 75' lang='lat' dir='ltr'><strong>cous.</strong></span> <span class='ocrx_word' id='word_1_101' title='bbox 683 1611 747 1668; x_wconf 86' lang='lat' dir='ltr'><strong>ocp</strong></span> 
     </span>
    </p>
   </div>
   <div class='ocr_carea' id='block_1_5' title="bbox 80 1730 1154 2440">
    <p class='ocr_par' dir='ltr' id='par_1_9' title="bbox 80 1730 1154 2172">
     <span class='ocr_line' id='line_1_16' title="bbox 170 1730 1154 1814; baseline 0.007 -22"><span class='ocrx_word' id='word_1_102' title='bbox 170 1755 323 1796; x_wconf 71' lang='lat' dir='ltr'><strong>,munerans</strong></span> <span class='ocrx_word' id='word_1_103' title='bbox 359 1730 504 1814; x_wconf 78' lang='lat' dir='ltr'><strong>nurnine]</strong></span> <span class='ocrx_word' id='word_1_104' title='bbox 549 1735 613 1796; x_wconf 87' lang='lat' dir='ltr'><strong>Hoc</strong></span> <span class='ocrx_word' id='word_1_105' title='bbox 650 1735 717 1794; x_wconf 92' lang='lat' dir='ltr'><strong>ideo</strong></span> <span class='ocrx_word' id='word_1_106' title='bbox 754 1735 863 1794; x_wconf 90' lang='lat' dir='ltr'><strong>dicitur</strong></span> <span class='ocrx_word' id='word_1_107' title='bbox 898 1737 949 1796; x_wconf 89' lang='lat' dir='ltr'><strong>uel</strong></span> <span class='ocrx_word' id='word_1_108' title='bbox 980 1741 1103 1812; x_wconf 88' lang='lat' dir='ltr'><strong>propter</strong></span> <span class='ocrx_word' id='word_1_109' title='bbox 1122 1750 1154 1799; x_wconf 80' lang='lat'><strong>15</strong></span> 
     </span>
     <span class='ocr_line' id='line_1_17' title="bbox 81 1825 1102 1901; baseline 0.002 -19"><span class='ocrx_word' id='word_1_110' title='bbox 81 1828 218 1884; x_wconf 86' lang='lat' dir='ltr'><strong>amantis</strong></span> <span class='ocrx_word' id='word_1_111' title='bbox 243 1825 357 1884; x_wconf 85' lang='lat' dir='ltr'><strong>Paridis</strong></span> <span class='ocrx_word' id='word_1_112' title='bbox 386 1827 532 1900; x_wconf 86' lang='lat' dir='ltr'><strong>animum,</strong></span> <span class='ocrx_word' id='word_1_113' title='bbox 560 1827 608 1883; x_wconf 89' lang='lat' dir='ltr'><strong>oui</strong></span> <span class='ocrx_word' id='word_1_114' title='bbox 635 1825 839 1901; x_wconf 85' lang='lat' dir='ltr'><strong>praedicebat,</strong></span> <span class='ocrx_word' id='word_1_115' title='bbox 866 1829 901 1884; x_wconf 87' lang='lat' dir='ltr'><strong>ut</strong></span> <span class='ocrx_word' id='word_1_116' title='bbox 923 1826 1048 1901; x_wconf 82' lang='lat' dir='ltr'><strong>doleret,</strong></span> <span class='ocrx_word' id='word_1_117' title='bbox 1077 1829 1102 1885; x_wconf 89' lang='lat' dir='ltr'><strong>si</strong></span> 
     </span>
     <span class='ocr_line' id='line_1_18' title="bbox 80 1912 1102 1991; baseline 0.005 -22"><span class='ocrx_word' id='word_1_118' title='bbox 80 1912 256 1990; x_wconf 75' lang='lat' dir='ltr'><strong>legitimam</strong></span> <span class='ocrx_word' id='word_1_119' title='bbox 286 1914 434 1989; x_wconf 73' lang='lat' dir='ltr'><strong>perderet,</strong></span> <span class='ocrx_word' id='word_1_120' title='bbox 466 1914 515 1973; x_wconf 91' lang='lat' dir='ltr'><strong>uel</strong></span> <span class='ocrx_word' id='word_1_121' title='bbox 544 1934 579 1972; x_wconf 85' lang='lat' dir='ltr'><strong>ex</strong></span> <span class='ocrx_word' id='word_1_122' title='bbox 601 1913 724 1974; x_wconf 82' lang='lat' dir='ltr'><strong>Veneris</strong></span> <span class='ocrx_word' id='word_1_123' title='bbox 752 1916 912 1990; x_wconf 90' lang='lat' dir='ltr'><strong>promisso,</strong></span> <span class='ocrx_word' id='word_1_124' title='bbox 944 1935 1020 1991; x_wconf 88' lang='lat' dir='ltr'><strong>quae</strong></span> <span class='ocrx_word' id='word_1_125' title='bbox 1048 1935 1102 1991; x_wconf 86' lang='lat' dir='ltr'><strong>pro</strong></span> 
     </span>
     <span class='ocr_line' id='line_1_19' title="bbox 81 2003 1101 2080; baseline 0.004 -20"><span class='ocrx_word' id='word_1_126' title='bbox 81 2007 228 2080; x_wconf 82' lang='lat' dir='ltr'><strong>percepto</strong></span> <span class='ocrx_word' id='word_1_127' title='bbox 251 2003 330 2062; x_wconf 86' lang='lat' dir='ltr'><strong>malo</strong></span> <span class='ocrx_word' id='word_1_128' title='bbox 353 2003 415 2062; x_wconf 87' lang='lat' dir='ltr'><strong>eius</strong></span> <span class='ocrx_word' id='word_1_129' title='bbox 438 2003 549 2062; x_wconf 87' lang='lat' dir='ltr'><strong>iudicio</strong></span> <span class='ocrx_word' id='word_1_130' title='bbox 572 2005 692 2078; x_wconf 90' lang='lat' dir='ltr'><strong>nuptias</strong></span> <span class='ocrx_word' id='word_1_131' title='bbox 715 2005 847 2062; x_wconf 89' lang='lat' dir='ltr'><strong>mulieris</strong></span> <span class='ocrx_word' id='word_1_132' title='bbox 869 2004 1011 2079; x_wconf 88' lang='lat' dir='ltr'><strong>pulchrae</strong></span> <span class='ocrx_word' id='word_1_133' title='bbox 1034 2025 1101 2080; x_wconf 89' lang='lat' dir='ltr'><strong>pro·</strong></span> 
     </span>
     <span class='ocr_line' id='line_1_20' title="bbox 81 2085 500 2172; baseline 0.007 -26"><span class='ocrx_word' id='word_1_134' title='bbox 81 2091 210 2152; x_wconf 87' lang='lat' dir='ltr'><strong>miserat</strong></span> <span class='ocrx_word' id='word_1_135' title='bbox 235 2085 333 2172; x_wconf 85' lang='grc' dir='ltr'>(ΑΓα</span> <span class='ocrx_word' id='word_1_136' title='bbox 346 2109 420 2151; x_wconf 79' lang='lat' dir='ltr'><strong>cons.</strong></span> <span class='ocrx_word' id='word_1_137' title='bbox 436 2109 473 2151; x_wconf 88' lang='lat' dir='ltr'><strong>oc</strong></span> <span class='ocrx_word' id='word_1_138' title='bbox 476 2110 500 2166; x_wconf 86' lang='lat' dir='ltr'><strong>p</strong></span> 
     </span>
    </p>

    <p class='ocr_par' dir='ltr' id='par_1_10' title="bbox 175 2172 1154 2261">
     <span class='ocr_line' id='line_1_21' title="bbox 175 2172 1154 2261; baseline 0.002 -20"><span class='ocrx_word' id='word_1_139' title='bbox 175 2175 208 2241; x_wconf 89' lang='grc'><strong>8.</strong></span> <span class='ocrx_word' id='word_1_140' title='bbox 232 2174 345 2259; x_wconf 79' lang='lat' dir='ltr'><strong>varus]</strong></span> <span class='ocrx_word' id='word_1_141' title='bbox 384 2180 552 2256; x_wconf 80' lang='lat' dir='ltr'><strong>Antiquam</strong></span> <span class='ocrx_word' id='word_1_142' title='bbox 577 2172 675 2261; x_wconf 77' lang='grc' dir='ltr'>(ΑΓα</span> <span class='ocrx_word' id='word_1_143' title='bbox 1119 2196 1154 2244; x_wconf 82' lang='lat'><strong>20</strong></span> 
     </span>
    </p>

    <p class='ocr_par' dir='ltr' id='par_1_11' title="bbox 86 2262 1100 2440">
     <span class='ocr_line' id='line_1_22' title="bbox 174 2262 1100 2348; baseline 0 -20"><span class='ocrx_word' id='word_1_144' title='bbox 174 2264 211 2329; x_wconf 81' lang='grc'><strong>9.</strong></span> <span class='ocrx_word' id='word_1_145' title='bbox 245 2262 341 2348; x_wconf 79' lang='lat' dir='ltr'><strong>annu]</strong></span> <span class='ocrx_word' id='word_1_146' title='bbox 382 2269 568 2346; x_wconf 82' lang='lat' dir='ltr'><strong>Sig&#39;nificatio</strong></span> <span class='ocrx_word' id='word_1_147' title='bbox 595 2270 710 2327; x_wconf 87' lang='lat' dir='ltr'><strong>cladem</strong></span> <span class='ocrx_word' id='word_1_148' title='bbox 737 2270 871 2328; x_wconf 88' lang='lat' dir='ltr'><strong>futuram</strong></span> <span class='ocrx_word' id='word_1_149' title='bbox 897 2269 1038 2346; x_wconf 86' lang='lat' dir='ltr'><strong>dolentis,</strong></span> <span class='ocrx_word' id='word_1_150' title='bbox 1066 2275 1100 2328; x_wconf 92' lang='lat' dir='ltr'><strong>ut</strong></span> 
     </span>
     <span class='ocr_line' id='line_1_23' title="bbox 86 2347 491 2440; baseline 0.002 -25"><span class='ocrx_word' id='word_1_151' title='bbox 86 2347 189 2434; x_wconf 77' lang='lat' dir='ltr'><strong>(Verp.</strong></span> <span class='ocrx_word' id='word_1_152' title='bbox 210 2356 284 2416; x_wconf 80' lang='lat' dir='ltr'><strong>Aen.</strong></span> <span class='ocrx_word' id='word_1_153' title='bbox 304 2358 380 2416; x_wconf 89' lang='lat' dir='ltr'>VIII</span> <span class='ocrx_word' id='word_1_154' title='bbox 399 2351 491 2440; x_wconf 79' lang='lat'>537):</span> 
     </span>
    </p>
   </div>
   <div class='ocr_carea' id='block_1_6' title="bbox 219 2481 1054 2558">
    <p class='ocr_par' dir='ltr' id='par_1_12' title="bbox 219 2481 1054 2558">
     <span class='ocr_line' id='line_1_24' title="bbox 219 2481 1054 2558; baseline 0 -18"><span class='ocrx_word' id='word_1_155' title='bbox 219 2482 286 2541; x_wconf 88' lang='lat' dir='ltr'><strong>Heu</strong></span> <span class='ocrx_word' id='word_1_156' title='bbox 306 2486 434 2558; x_wconf 86' lang='lat' dir='ltr'><strong>quantae</strong></span> <span class='ocrx_word' id='word_1_157' title='bbox 452 2484 568 2541; x_wconf 90' lang='lat' dir='ltr'><strong>miseris</strong></span> <span class='ocrx_word' id='word_1_158' title='bbox 588 2482 691 2541; x_wconf 88' lang='lat' dir='ltr'><strong>caedes</strong></span> <span class='ocrx_word' id='word_1_159' title='bbox 709 2481 908 2542; x_wconf 83' lang='lat' dir='ltr'><strong>Laurentibus</strong></span> <span class='ocrx_word' id='word_1_160' title='bbox 927 2484 1054 2542; x_wconf 79' lang='lat' dir='ltr'><strong>instant!</strong></span> 
     </span>
    </p>
   </div>
   <div class='ocr_carea' id='block_1_7' title="bbox 85 2611 1151 3058">
    <p class='ocr_par' dir='ltr' id='par_1_13' title="bbox 85 2611 1151 3058">
     <span class='ocr_line' id='line_1_25' title="bbox 85 2611 326 2700; baseline 0.017 -22"><span class='ocrx_word' id='word_1_161' title='bbox 85 2611 252 2700; x_wconf 68' lang='lat' dir='ltr'><strong>(Arcas.</strong></span> <span class='ocrx_word' id='word_1_162' title='bbox 267 2642 326 2698; x_wconf 69' lang='lat' dir='ltr'><strong>cpv</strong></span> 
     </span>
     <span class='ocr_line' id='line_1_26' title="bbox 175 2705 1151 2794; baseline 0.003 -21"><span class='ocrx_word' id='word_1_163' title='bbox 175 2705 233 2773; x_wconf 85' lang='lat'><strong>10.</strong></span> <span class='ocrx_word' id='word_1_164' title='bbox 257 2707 372 2791; x_wconf 82' lang='lat' dir='ltr'><strong>svnoa]</strong></span> <span class='ocrx_word' id='word_1_165' title='bbox 412 2713 541 2772; x_wconf 87' lang='lat' dir='ltr'><strong>Bellicus</strong></span> <span class='ocrx_word' id='word_1_166' title='bbox 564 2714 649 2773; x_wconf 82' lang='lat' dir='ltr'><strong>labor</strong></span> <span class='ocrx_word' id='word_1_167' title='bbox 672 2707 745 2794; x_wconf 81' lang='lat' dir='ltr'><strong>(Ar</strong></span> <span class='ocrx_word' id='word_1_168' title='bbox 753 2731 788 2773; x_wconf 89' lang='lat' dir='ltr'><strong>oc</strong></span> <span class='ocrx_word' id='word_1_169' title='bbox 792 2733 816 2787; x_wconf 90' lang='lat' dir='ltr'><strong>p</strong></span> <span class='ocrx_word' id='word_1_170' title='bbox 1117 2728 1151 2776; x_wconf 78' lang='lat'><strong>25</strong></span> 
     </span>
     <span class='ocr_line' id='line_1_27' title="bbox 172 2795 848 2883; baseline 0 -23"><span class='ocrx_word' id='word_1_171' title='bbox 172 2796 290 2880; x_wconf 81' lang='lat' dir='ltr'><strong>novas]</strong></span> <span class='ocrx_word' id='word_1_172' title='bbox 332 2796 418 2881; x_wconf 85' lang='lat' dir='ltr'><strong>[Pro]</strong></span> <span class='ocrx_word' id='word_1_173' title='bbox 442 2821 608 2862; x_wconf 86' lang='lat' dir='ltr'><strong>commones</strong></span> <span class='ocrx_word' id='word_1_174' title='bbox 633 2795 744 2883; x_wconf 75' lang='lat' dir='ltr'><strong>(Arp,</strong></span> <span class='ocrx_word' id='word_1_175' title='bbox 764 2819 848 2862; x_wconf 78' lang='lat' dir='ltr'><strong>ome</strong></span> 
     </span>
     <span class='ocr_line' id='line_1_28' title="bbox 176 2883 1097 2969; baseline 0 -19"><span class='ocrx_word' id='word_1_176' title='bbox 176 2883 235 2950; x_wconf 90' lang='lat' dir='ltr'><strong>ll.</strong></span> <span class='ocrx_word' id='word_1_177' title='bbox 268 2909 322 2948; x_wconf 81' lang='lat' dir='ltr'><strong>mu</strong></span> <span class='ocrx_word' id='word_1_178' title='bbox 346 2909 471 2950; x_wconf 74' lang='lat' dir='ltr'><strong>annuum</strong></span> <span class='ocrx_word' id='word_1_179' title='bbox 494 2885 626 2969; x_wconf 67' lang='lat' dir='ltr'><strong>rannus]</strong></span> <span class='ocrx_word' id='word_1_180' title='bbox 670 2891 750 2950; x_wconf 87' lang='lat' dir='ltr'><strong>Bene</strong></span> <span class='ocrx_word' id='word_1_181' title='bbox 778 2893 907 2967; x_wconf 89' lang='lat' dir='ltr'><strong>primum</strong></span> <span class='ocrx_word' id='word_1_182' title='bbox 929 2891 1097 2950; x_wconf 91' lang='lat' dir='ltr'><strong>Mineruam</strong></span> 
     </span>
     <span class='ocr_line' id='line_1_29' title="bbox 88 2973 1097 3058; baseline 0.005 -24"><span class='ocrx_word' id='word_1_183' title='bbox 88 2973 260 3038; x_wconf 86' lang='lat' dir='ltr'><strong>irascentem</strong></span> <span class='ocrx_word' id='word_1_184' title='bbox 286 2981 388 3058; x_wconf 88' lang='lat' dir='ltr'><strong>posuit</strong></span> <span class='ocrx_word' id='word_1_185' title='bbox 415 2981 574 3056; x_wconf 88' lang='lat' dir='ltr'><strong>adulterio,</strong></span> <span class='ocrx_word' id='word_1_186' title='bbox 607 2983 711 3056; x_wconf 88' lang='lat' dir='ltr'><strong>utpote</strong></span> <span class='ocrx_word' id='word_1_187' title='bbox 738 2981 824 3039; x_wconf 89' lang='lat' dir='ltr'><strong>deam</strong></span> <span class='ocrx_word' id='word_1_188' title='bbox 852 2981 1013 3056; x_wconf 85' lang='lat' dir='ltr'><strong>castitatis,</strong></span> <span class='ocrx_word' id='word_1_189' title='bbox 1043 2985 1097 3039; x_wconf 85' lang='lat' dir='ltr'><strong>aut</strong></span> 
     </span>
    </p>
   </div>
   <div class='ocr_carea' id='block_1_8' title="bbox 90 3218 1096 3509">
    <p class='ocr_par' dir='ltr' id='par_1_14' title="bbox 90 3218 1096 3509">
     <span class='ocr_line' id='line_1_30' title="bbox 172 3218 1096 3291; baseline 0.005 -19"><span class='ocrx_word' id='word_1_190' title='bbox 172 3225 188 3272; x_wconf 80' lang='lat'><strong>2</strong></span> <span class='ocrx_word' id='word_1_191' title='bbox 203 3219 279 3273; x_wconf 87' lang='lat' dir='ltr'><strong>mala</strong></span> <span class='ocrx_word' id='word_1_192' title='bbox 297 3218 389 3289; x_wconf 84' lang='lat' dir='ltr'><strong>ducis]</strong></span> <span class='ocrx_word' id='word_1_193' title='bbox 403 3219 478 3273; x_wconf 87' lang='lat' dir='ltr'><strong>mala</strong></span> <span class='ocrx_word' id='word_1_194' title='bbox 494 3219 555 3274; x_wconf 83' lang='lat' dir='ltr'><strong>fata</strong></span> <span class='ocrx_word' id='word_1_195' title='bbox 569 3221 649 3274; x_wconf 87' lang='lat' dir='ltr'><strong>ducis</strong></span> <span class='ocrx_word' id='word_1_196' title='bbox 659 3238 696 3288; x_wconf 88' lang='lat' dir='ltr'><strong>cp</strong></span> <span class='ocrx_word' id='word_1_197' title='bbox 714 3220 788 3274; x_wconf 88' lang='lat' dir='ltr'><strong>male</strong></span> <span class='ocrx_word' id='word_1_198' title='bbox 802 3221 867 3274; x_wconf 87' lang='lat' dir='ltr'><strong>duci</strong></span> <span class='ocrx_word' id='word_1_199' title='bbox 878 3241 896 3274; x_wconf 88' lang='grc' dir='ltr'><strong>α</strong></span> <span class='ocrx_word' id='word_1_200' title='bbox 969 3223 1011 3275; x_wconf 90' lang='lat' dir='ltr'><strong>set</strong></span> <span class='ocrx_word' id='word_1_201' title='bbox 1030 3243 1045 3291; x_wconf 80' lang='grc' dir='ltr'><strong><em>γ</em></strong></span> <span class='ocrx_word' id='word_1_202' title='bbox 1064 3229 1096 3277; x_wconf 84' lang='lat' dir='ltr'><strong>ut</strong></span> 
     </span>
     <span class='ocr_line' id='line_1_31' title="bbox 90 3285 1095 3363; baseline 0.008 -23"><span class='ocrx_word' id='word_1_203' title='bbox 90 3285 187 3344; x_wconf 68' lang='lat' dir='ltr'><strong>accole</strong></span> <span class='ocrx_word' id='word_1_204' title='bbox 288 3289 456 3359; x_wconf 75' lang='lat' dir='ltr'><strong>brequiret]</strong></span> <span class='ocrx_word' id='word_1_205' title='bbox 475 3294 620 3360; x_wconf 77' lang='lat' dir='ltr'><strong>repetetur</strong></span> <span class='ocrx_word' id='word_1_206' title='bbox 640 3309 692 3360; x_wconf 84' lang='lat' dir='ltr'><strong>per</strong></span> <span class='ocrx_word' id='word_1_207' title='bbox 709 3293 903 3362; x_wconf 70' lang='lat' dir='ltr'><strong>uepcpeutiam</strong></span> <span class='ocrx_word' id='word_1_208' title='bbox 998 3299 1095 3363; x_wconf 84' lang='lat' dir='ltr'><strong>9pro-</strong></span> 
     </span>
     <span class='ocr_line' id='line_1_32' title="bbox 92 3361 1096 3434; baseline 0.007 -23"><span class='ocrx_word' id='word_1_209' title='bbox 92 3362 273 3415; x_wconf 82' lang='lat' dir='ltr'><strong>munoturium</strong></span> <span class='ocrx_word' id='word_1_210' title='bbox 296 3361 333 3432; x_wconf 80' lang='lat' dir='ltr'><strong>A]</strong></span> <span class='ocrx_word' id='word_1_211' title='bbox 353 3365 613 3431; x_wconf 82' lang='lat' dir='ltr'><strong>promunctorumr</strong></span> <span class='ocrx_word' id='word_1_212' title='bbox 639 3363 878 3432; x_wconf 82' lang='lat' dir='ltr'><strong>promunctorium</strong></span> <span class='ocrx_word' id='word_1_213' title='bbox 897 3384 936 3434; x_wconf 75' lang='lat' dir='ltr'><strong>yos</strong></span> <span class='ocrx_word' id='word_1_214' title='bbox 965 3381 1096 3433; x_wconf 91' lang='lat' dir='ltr'><strong>promun-</strong></span> 
     </span>
     <span class='ocr_line' id='line_1_33' title="bbox 92 3424 1096 3509; baseline 0.008 -28"><span class='ocrx_word' id='word_1_215' title='bbox 92 3424 190 3486; x_wconf 72' lang='lat' dir='ltr'><strong>tonum</strong></span> <span class='ocrx_word' id='word_1_216' title='bbox 208 3451 222 3488; x_wconf 88' lang='lat' dir='ltr'><strong>c</strong></span> <span class='ocrx_word' id='word_1_217' title='bbox 240 3433 461 3503; x_wconf 87' lang='lat' dir='ltr'><strong>promontorium</strong></span> <span class='ocrx_word' id='word_1_218' title='bbox 479 3451 518 3502; x_wconf 85' lang='lat' dir='ltr'><strong>op</strong></span> <span class='ocrx_word' id='word_1_219' title='bbox 620 3441 652 3488; x_wconf 91' lang='lat'><strong>10</strong></span> <span class='ocrx_word' id='word_1_220' title='bbox 671 3435 742 3488; x_wconf 84' lang='lat' dir='ltr'><strong>troie</strong></span> <span class='ocrx_word' id='word_1_221' title='bbox 762 3436 789 3489; x_wconf 80' lang='lat' dir='ltr'><strong><em>A</em></strong></span> <span class='ocrx_word' id='word_1_222' title='bbox 881 3441 912 3487; x_wconf 90' lang='lat'><strong>11</strong></span> <span class='ocrx_word' id='word_1_223' title='bbox 932 3435 975 3505; x_wconf 88' lang='lat' dir='ltr'><strong>ut]</strong></span> <span class='ocrx_word' id='word_1_224' title='bbox 995 3440 1028 3490; x_wconf 90' lang='lat' dir='ltr'><strong>ut</strong></span> <span class='ocrx_word' id='word_1_225' title='bbox 1044 3437 1096 3509; x_wconf 61' lang='lat' dir='ltr'><strong>aig</strong></span> 
     </span>
    </p>
   </div>
   <div class='ocr_carea' id='block_1_9' title="bbox 94 3521 1057 3753">
    <p class='ocr_par' dir='ltr' id='par_1_15' title="bbox 94 3521 1057 3753">
     <span class='ocr_line' id='line_1_34' title="bbox 94 3521 1057 3636; baseline 0.005 -46"><span class='ocrx_word' id='word_1_226' title='bbox 94 3529 174 3636; x_wconf 49' lang='lat' dir='ltr'><strong>gaido</strong></span> <span class='ocrx_word' id='word_1_227' title='bbox 246 3545 279 3594; x_wconf 84' lang='lat'><strong>13</strong></span> <span class='ocrx_word' id='word_1_228' title='bbox 299 3540 362 3610; x_wconf 84' lang='lat' dir='ltr'><strong>ego]</strong></span> <span class='ocrx_word' id='word_1_229' title='bbox 379 3521 399 3611; x_wconf 68' lang='grc' dir='ltr'><strong><em>ἓ</em></strong></span> <span class='ocrx_word' id='word_1_230' title='bbox 414 3541 457 3610; x_wconf 94' lang='lat'><strong>(=</strong></span> <span class='ocrx_word' id='word_1_231' title='bbox 468 3543 583 3610; x_wconf 84' lang='lat' dir='ltr'><strong>ergo)A</strong></span> <span class='ocrx_word' id='word_1_232' title='bbox 656 3547 689 3595; x_wconf 89' lang='lat'><strong>18</strong></span> <span class='ocrx_word' id='word_1_233' title='bbox 703 3541 842 3596; x_wconf 86' lang='lat' dir='ltr'><strong>iuditioA</strong></span> <span class='ocrx_word' id='word_1_234' title='bbox 914 3541 1057 3612; x_wconf 81' lang='lat' dir='ltr'><strong>pulcreyo</strong></span> 
     </span>
     <span class='ocr_line' id='line_1_35' title="bbox 95 3607 654 3677; baseline 0.007 -15"><span class='ocrx_word' id='word_1_235' title='bbox 95 3607 122 3656; x_wconf 62' lang='grc' dir='ltr'><strong>ιθ</strong></span> <span class='ocrx_word' id='word_1_236' title='bbox 138 3625 186 3677; x_wconf 90' lang='lat' dir='ltr'><strong>pro</strong></span> <span class='ocrx_word' id='word_1_237' title='bbox 204 3629 253 3666; x_wconf 84' lang='lat' dir='ltr'><strong>cm.</strong></span> <span class='ocrx_word' id='word_1_238' title='bbox 269 3613 297 3666; x_wconf 80' lang='lat' dir='ltr'><strong><em>A</em></strong></span> <span class='ocrx_word' id='word_1_239' title='bbox 630 3668 631 3673; x_wconf 8' lang='grc' dir='ltr'>χ</span> <span class='ocrx_word' id='word_1_240' title='bbox 651 3635 654 3644; x_wconf 80' lang='grc'><strong><em>·</em></strong></span> 
     </span>
     <span class='ocr_line' id='line_1_36' title="bbox 898 3701 932 3753; baseline 0 -23"><span class='ocrx_word' id='word_1_241' title='bbox 898 3707 913 3753; x_wconf 82' lang='lat'>5</span> <span class='ocrx_word' id='word_1_242' title='bbox 919 3701 932 3730; x_wconf 58' lang='grc' dir='ltr'><strong>ἡ</strong></span> 
     </span>
    </p>
   </div>
   <div class='ocr_carea' id='block_1_10' title="bbox 0 0 1311 3906">
    <p class='ocr_par' dir='ltr' id='par_1_16' title="bbox 0 0 1311 3906">
     <span class='ocr_line' id='line_1_37' title="bbox 0 0 1311 3906; baseline 0 0"><span class='ocrx_word' id='word_1_243' title='bbox 0 0 1311 3906; x_wconf 95' lang='lat' dir='ltr'><strong> </strong></span> 
     </span>
    </p>
   </div>
  </div>
 </body>
</html>
