2674 3922
230 207 296 272 364
561 209 750 264 axrosirro
768 207 909 265 maon.

318 375 387 435 *Ad
406 377 569 453 Virgilium
589 381 791 452 mercatorem,
813 397 873 439 non
890 379 929 438 ad
947 383 1077 455 poetam,
1102 381 1259 456 loquitur,

230 465 389 526 admonens
412 469 529 541 tempus
553 485 614 525 esse
637 469 839 544 nauigationis
863 460 943 549 (Poe
1300 499 1301 538 3

319 548 517 632 rauranum]
559 555 768 631 Tranquillant
791 548 871 637 (AV

318 641 503 717 *Moderant
527 647 630 719 aptum
652 644 768 703 iaciunt
790 644 828 702 ad
850 645 1052 722 nauigandum
1076 638 1142 727 (Pb

194 744 210 790 5
320 724 353 791 2.
390 726 515 810 unsrun]
556 733 632 790 Vela
655 725 734 813 (AV

320 813 353 879 3.
394 837 449 878 mn
476 838 535 879 ruso
563 839 665 879 raam
687 816 815 900 monus]
860 823 930 899 Ipso
952 824 1030 881 enim
1052 827 1195 898 tempora
1220 827 1252 882 et

229 909 343 983 hiemps
371 909 520 968 clauditur
547 913 577 968 et
599 913 678 969 ueris
702 913 865 970 amoenitas
889 913 1034 988 aperitur,
1061 930 1121 987 quo
1147 913 1250 972 Fauo-

229 995 296 1055 nius
319 999 450 1073 eoeperit
471 998 543 1056 flare
567 990 645 1077 (AV

319 1079 352 1146 ὅ.
376 1105 439 1144 mm
457 1105 639 1146 rasnmrsn
659 1082 794 1166 ornans]
826 1089 882 1148 Itis
900 1089 978 1148 filius
992 1087 1130 1166 Pr0gnes‚
1153 1109 1249 1165 quem

179 1186 211 1234 10
230 1175 340 1234 oeoidit
362 1176 399 1235 ob
423 1176 541 1251 eulpam
564 1177 649 1235 Terei
674 1168 751 1257 (AV

319 1264 444 1340 Cecrops
476 1265 536 1323 dux
562 1265 788 1325 Atheniensium
819 1265 885 1324 fuit.
933 1265 1127 1326 Athenienses
1163 1270 1247 1326 enim

229 1354 350 1413 fuerunt
373 1355 481 1414 Tereus
505 1358 534 1413 et
557 1354 679 1432 Progne.
721 1354 777 1413 Per
799 1355 935 1433 Prognen
958 1373 1027 1415 uero
1049 1354 1246 1415 hirundinem
1300 1357 1301 1438 (

229 1443 390 1520 signifieat,
419 1461 494 1518 quae
522 1462 556 1502 eo
583 1446 716 1520 tempore
744 1447 875 1520 apparet.
926 1444 1006 1502 Nota
1031 1445 1160 1502 historia
1188 1449 1245 1518 est,

230 1531 309 1605 quod
337 1551 391 1607 pro
419 1535 523 1608 stupro
549 1534 657 1592 sororis
680 1533 860 1592 Philomelae
888 1532 926 1591 ad
952 1533 1118 1592 uindictam
1143 1533 1243 1592 filium

178 1631 210 1678 15
230 1620 315 1678 Terei
342 1621 484 1680 oeoiderit
505 1621 619 1700 Progne
647 1625 678 1680 et
699 1623 757 1680 fuit
779 1623 863 1698 peior
884 1641 980 1697 poena
1002 1625 1137 1698 peceato,
1169 1624 1242 1681 dum

230 1711 427 1768 commitfitur
455 1711 647 1784 parricidium
673 1713 796 1786 propter
822 1711 975 1769 incestum.
1020 1711 1105 1769 Vnde
1129 1712 1243 1770 Tereus
1300 1791 1301 1794 Ἴ

230 1801 370 1873 conperto
393 1799 532 1872 facinore,
555 1799 626 1857 dum
649 1800 749 1858 ambas
772 1801 947 1874 insequitur,
970 1801 1086 1876 ipsein
1105 1819 1239 1876 upupam
1300 1795 1301 1860 l

230 1885 338 1944 dieitur
369 1890 516 1961 mutatus;
548 1888 618 1946 illae
645 1888 790 1965 fugientes
818 1889 849 1946 in
876 1888 1065 1946 hirundinem
1092 1892 1123 1946 et
1148 1889 1237 1948 lusei-
1300 1883 1301 1956 f

230 1975 310 2031 niam
334 1966 413 2056 (AV
428 1992 502 2033 coes
522 1976 626 2048 Perph.

177 2073 211 2121 20
319 2056 353 2123 6.
395 2059 544 2140 *(lnfelir
576 2058 675 2142 auis>]
721 2064 857 2143 Prognen
890 2065 975 2141 dicit,
1012 2085 1102 2142 quam
1134 2066 1238 2126 dieunt
1300 2052 1301 2104 l

229 2152 386 2210 lusciniam
409 2145 469 2234 (Pb
1300 2201 1301 2206 κ

318 2238 467 2319 *<lnfelix
495 2235 595 2319 auis>]
640 2242 777 2316 Daulias,
805 2262 880 2319 quae
903 2245 935 2302 in
958 2244 1127 2320 palumbem
1149 2263 1235 2304 uersa
1300 2219 1301 2310 l

230 2334 283 2406 est,
305 2333 406 2390 nutrix
428 2331 493 2405 Itis,
515 2331 568 2406 qui
590 2331 649 2388 fuit
671 2331 748 2389 filins
771 2331 905 2408 Prognae
928 2335 959 2390 et
982 2333 1067 2392 Terei
1090 2325 1151 2413 (Pb

320 2414 352 2481 7.
377 2413 411 2480 8.
448 2416 568 2498 *(Male
598 2419 739 2478 barbaras
770 2439 873 2496 regum
901 2423 946 2480 est
972 2423 1037 2480 ulta
1063 2416 1232 2500 libidines>]

177 2518 210 2569 25
229 2509 378 2568 Ineestum
401 2510 480 2566 enim
502 2507 661 2585 parricidio
684 2508 850 2566 uindicauit
873 2500 917 2589 (Γ

318 2591 352 2657 9.
390 2613 421 2654 m
443 2614 563 2656 rusaio
587 2591 738 2675 arnume]
778 2597 821 2655 Vt
843 2588 946 2678 (Vera.
965 2598 1013 2658 erl.
1033 2600 1061 2674 8,
1083 2591 1151 2680 15):

362 2685 421 2744 Ros
444 2687 476 2742 in
499 2688 600 2745 tenera
622 2689 722 2761 pecori
744 2686 932 2764 gratissimus
953 2687 1045 2746 herba
1068 2681 1146 2768 (AV

320 2767 376 2833 10.
419 2791 575 2833 ovsroons
603 2791 697 2834 ovrvn
726 2769 876 2853 ohannes]
921 2775 1003 2835 Pana
1030 2775 1188 2854 signifieat,
1213 2795 1234 2836 a
1300 2847 1301 2850 Ἴ

230 2883 288 2940 quo
311 2863 481 2940 pandirium
504 2862 613 2921 dieitur
634 2865 796 2922 inuentum.
833 2865 876 2922 Vt
890 2857 1081 2946 (uepres,
1097 2867 1146 2925 32.
1161 2859 1229 2946 33):

176 2963 211 3012 30
388 2952 452 3011 Pan
470 2952 583 3028 primus
607 2953 735 3012 calamos
759 2971 827 3012 eera
850 2955 1026 3031 eoniungere
1048 2956 1145 3029 plures

388 3041 525 3100 Instituit
548 3032 627 3121 (AV

319 3234 332 3280 7
351 3227 488 3299 amenitas
499 3229 527 3282 A
545 3228 682 3281 amenitas
693 3228 753 3296 ch
824 3233 840 3281 8
855 3227 962 3302 opperit
971 3231 1031 3284 AV
1046 3230 1151 3300 ceperit
1162 3248 1196 3300 ep

229 3303 244 3349 9
263 3298 312 3350 itis
330 3300 420 3368 AVp]
439 3299 529 3366 ytisc
602 3304 634 3352 12
653 3315 759 3367 progne
776 3300 801 3370 e]
821 3317 941 3370 prognes
954 3301 1034 3370 AVp
1105 3319 1153 3370 per
1163 3303 1228 3372 ch]

229 3369 305 3434 q(=
320 3367 379 3434 qui)
398 3370 426 3421 A
497 3369 654 3422 irundinem
673 3369 701 3422 A
792 3377 825 3424 14
843 3369 995 3439 philomelo
1015 3374 1052 3427 Ve
1069 3371 1185 3426 filomele
1201 3375 1226 3426 A

228 3437 396 3503 philomenae
406 3455 429 3506 p
501 3443 533 3490 15
552 3455 645 3507 poena
655 3439 911 3560 V(penaAeous.
924 3459 945 3510 p
963 3458 1063 3510 penae
1136 3449 1166 3496 18
1182 3443 1228 3496 ille
1300 3446 1301 3464 ¹

228 3507 401 3578 AVcillpp
503 3508 669 3578 hir:AVp]

235 3577 342 3630 sunto
415 3582 448 3629 23
466 3578 557 3644 ytisb

708 3527 782 3576 ymo
885 3517 919 3566 20
937 3529 1022 3580 quam
1041 3515 1070 3566 et
1087 3512 1225 3567 lusciniam
