2612 3906
156 235 181 290 X
557 234 761 289 PRAEFATIO

155 398 378 480 ‘conparauit'3
410 403 558 462 Vutrum
581 397 787 480 ‘conparauit’
811 422 851 462 en
875 397 1091 478 ‘comparauit'
1115 403 1164 460 uel

154 493 333 569 ineptiorem
356 493 488 566 aliquam
511 493 669 552 lectionem
691 492 839 566 exhibeat,
870 511 930 552 non
952 491 1087 550 diximus.

243 578 369 640 Omnem
390 582 518 655 textum,
546 581 645 656 quoad
666 581 732 640 fieri
752 583 864 656 potuit,
892 581 931 640 ad
953 581 1163 640 auctoritatem

153 668 225 728 libri
246 667 277 727 A
298 669 514 730 restituendum
537 689 598 730 esse
621 670 782 730 censebam
827 669 924 729 Huius
947 670 1038 729 solius
1061 687 1162 728 omnes

153 758 244 817 attuli
266 759 415 832 lectiones,
439 777 473 816 ex
496 761 601 818 ceteris
625 778 698 834 quae
720 777 806 820 ueras
829 777 891 820 esse
909 759 980 819 duni
997 759 1030 820 in
1047 759 1163 816 textum

154 846 274 923 admisi3
306 866 505 923 quascumque
536 849 655 924 praeter
682 867 731 908 ees
758 849 924 908 memoratu
951 847 1055 925 dignas
1083 845 1163 919 duxi,

154 953 203 994 ees
235 937 267 994 in
299 939 446 1012 apparatu
478 938 581 995 critico
610 938 788 997 enumeraui.
833 935 898 995 Hoc
926 938 1026 998 autem
1052 937 1163 994 iterum

153 1024 301 1083 monitum
323 1025 423 1099 uelim,
446 1043 482 1084 ne
505 1045 595 1086 unum
619 1025 738 1100 quidem
760 1026 893 1086 litteram
915 1045 934 1084 a
955 1044 1002 1084 me
1023 1026 1057 1084 in
1078 1023 1163 1083 scho-

153 1113 263 1172 liorum
285 1115 400 1172 textum
422 1117 571 1190 receptam
593 1133 664 1189 esse,
682 1116 746 1174 nisi
768 1133 804 1176 ea
825 1116 858 1176 in
880 1133 938 1174 uno
957 1115 1088 1174 alteroue
1106 1113 1163 1170 mi-

153 1203 268 1260 nimum
291 1220 393 1261 eorum
415 1203 548 1262 codicum
570 1204 683 1266 tradita
706 1205 759 1277 sit,
783 1222 856 1278 quos
878 1204 911 1264 in
932 1204 1163 1276 uniuscuiusque

153 1291 260 1350 scholii
282 1289 339 1350 fine
362 1293 528 1368 nominaui3
554 1293 579 1352 ii
600 1311 685 1366 uero,
713 1294 765 1368 qui
788 1294 857 1351 ante
879 1310 933 1352 nos
955 1292 1028 1352 haec
1050 1290 1163 1351 scholia

154 1379 322 1456 ediderunt,
355 1381 511 1458 permultis
542 1382 615 1442 locis
647 1382 711 1442 siue
737 1381 800 1442 ullo
827 1381 964 1456 scrupulo
992 1382 1045 1440 aut
1071 1379 1164 1438 edno-

153 1471 270 1529 tatione
292 1471 324 1530 in
346 1471 431 1530 textu
454 1471 568 1546 aliquid
590 1470 710 1530 reddere
734 1470 876 1544 solebant,
901 1469 980 1544 quod
998 1487 1035 1528 ne
1052 1469 1085 1526 in
1102 1485 1162 1526 uno

153 1559 274 1634 quidem
296 1558 373 1619 libro
396 1562 597 1636 manuscripto
619 1560 736 1638 legitur.

242 1648 348 1708 Restat
378 1650 413 1709 ut
444 1648 691 1710 bibliothecarum
719 1648 896 1721 Vaticanue,
928 1645 1162 1724 bambergensis,

154 1733 305 1810 Heleneie,
336 1735 502 1810 Perusinae,
534 1736 698 1810 Leidensis‚
725 1737 923 1812 MonacensiS,
950 1735 1162 1807 Dessourensis,

153 1822 454 1898 Wolfenbuttelanae‚
477 1823 726 1898 Leeuwardensie,
748 1824 907 1902 Pragensis
928 1824 1086 1900 praefectis
1109 1823 1161 1880 hu·

153 1913 334 1972 inanissimis
360 1931 394 1972 ex
418 1915 511 1972 animi
533 1914 680 1973 sententia
703 1914 815 1991 gratias
839 1932 961 1992 egemus
985 1931 1075 1988 quam
1097 1912 1162 1988 plu-

153 2001 257 2076 rimas3
289 2002 322 2060 iu
353 2020 441 2078 opere
472 2005 537 2079 ipso
570 2005 600 2062 et
631 2001 746 2064 difficili
778 2004 809 2061 et
839 2003 979 2062 diuturno
1011 2021 1078 2060 cum
1110 2001 1162 2059 alii

153 2090 319 2166 complures
346 2089 555 2169 benignissime
582 2111 629 2150 me
658 2092 836 2152 ediuuernnt
858 2093 960 2166 amici,
987 2092 1053 2150 tum
1075 2091 1162 2166 longe

153 2180 280 2236 menime
304 2181 437 2238 omnium
459 2180 598 2240 Alfredus
621 2180 741 2240 Holder.

243 2266 279 2326 In
302 2269 428 2328 secundo
452 2270 602 2328 uolumine
626 2270 750 2328 edentur
772 2271 884 2332 scholia
901 2263 940 2326 Γ
947 2268 974 2328 V
994 2267 1032 2327 ad
1054 2285 1162 2327 sermo-

154 2373 218 2430 nes,
251 2358 393 2432 epistulas
421 2361 574 2435 artemque
600 2360 749 2435 poeticam
775 2359 968 2435 pertinentia,
996 2357 1105 2416 additis
1133 2357 1163 2414 et

153 2445 302 2506 indicibus
330 2449 361 2506 et
384 2449 556 2525 appendice,
588 2468 646 2524 que
669 2449 784 2526 glossae
808 2466 883 2523 quae
905 2447 1051 2507 uocantur
1072 2446 1163 2508 inter·

152 2533 296 2596 lineariee
319 2539 348 2596 Γ
367 2538 483 2613 aliquot
505 2539 694 2598 continentur
716 2535 974 2598 memorabiliores.
