2674 3922
508 199 729 256 crannum.
742 207 774 255 15
1081 199 1147 264 373

128 369 272 428 Phoebus
295 369 444 444 increpuit
467 361 516 450 (eu
532 364 664 446 Porpt.);
692 369 840 429 amoribus
864 369 944 428 onim
967 369 1071 444 aptum
1092 367 1149 428 hoc

127 461 265 516 metrum
288 460 340 531 est,
363 460 398 515 ut
421 449 524 539 (Vero.
543 458 591 518 eol.
612 459 641 534 6,
660 459 689 516 3.
709 450 758 539 4)2

271 597 347 657 (lum
370 618 505 658 canerem
526 618 609 678 reges
633 602 664 658 et
685 599 808 676 proelia,
834 597 979 676 Cynthius
1003 617 1105 657 aurem

269 687 364 747 Vellit
387 690 417 746 et
440 689 594 749 admonuit
617 679 697 770 (AV
711 689 775 747 sun.
794 689 840 745 Po

227 841 261 908 3.
302 865 480 908 smananvn
516 867 576 906 ran
606 842 650 926 a]
696 847 753 907 Per
790 848 964 926 allegoriam
1000 845 1148 925 significat
1183 851 1199 902 5

131 955 276 1014 magnam
298 937 457 996 materiam
478 955 538 997 non
550 936 720 1025 §sufficienti
737 936 857 1014 ingenio
876 939 907 994 et
923 937 1031 994 humili
1049 937 1150 1014 generi

133 1027 276 1084 carminis
299 1044 359 1086 non
382 1025 486 1085 debere
510 1025 657 1085 committi
680 1017 760 1105 (AV
775 1043 809 1084 ex
826 1025 932 1098 Porpt.

227 1125 261 1192 5.
297 1150 450 1191 anurvnrr
473 1125 606 1210 vanans]
653 1130 711 1190 Seu
735 1132 806 1206 quia
828 1132 861 1188 in
883 1149 956 1206 pace
979 1129 1151 1208 diligentior

134 1220 234 1280 cultus
257 1220 423 1280 uberiorem
445 1221 576 1279 fructum
598 1220 672 1280 facit
694 1238 745 1279 seu
765 1219 851 1294 quasi
868 1220 933 1294 ipse
952 1218 1023 1278 deus
1042 1217 1150 1278 Caesar

134 1310 241 1367 faueat
262 1309 407 1387 frugibus,
429 1312 464 1368 ut
488 1302 591 1391 (Very.
610 1309 658 1369 ecl.
679 1312 707 1384 9,
726 1310 777 1366 47.
797 1299 869 1389 48):
1169 1309 1203 1360 10

272 1451 348 1510 Ecce
371 1451 500 1512 Dionaei
521 1453 666 1528 processit
689 1448 823 1510 Caesaris
847 1451 969 1522 astrum,

271 1539 404 1616 Astrum,
427 1560 485 1616 quo
510 1543 623 1619 segetes
647 1539 810 1618 gauderent
831 1537 967 1616 frugibus
991 1527 1070 1616 (AV

230 1692 263 1759 6.
297 1718 336 1756 nr
360 1716 451 1759 sronn
473 1693 607 1778 nesrac]
650 1697 731 1767 Quae
753 1699 909 1770 interfecto
933 1715 1000 1756 cum
1023 1696 1152 1755 exercitu

142 1785 247 1846 Crasso
271 1807 289 1846 a
310 1787 429 1848 Parthis
452 1788 605 1867 Augustus
628 1789 780 1864 receperat
803 1778 881 1867 (AV
897 1803 931 1845 ec
948 1785 1053 1858 Porpt.

229 1887 264 1954 8.
300 1889 445 1973 nvnnms]
488 1894 580 1954 Bellis
605 1886 684 1976 (AV
1170 1891 1203 1942 15

228 1992 262 2061 9.
303 2018 400 2061 mrsu
428 2019 544 2067 ovmnsr
568 1995 609 2080 c]
657 1999 813 2078 Significat
840 1999 940 2059 omnia
966 2000 1075 2075 pacata
1097 1996 1151 2056 sub

140 2086 278 2164 (lassare,
305 2089 417 2166 templo
444 2090 512 2148 Iani
539 2092 653 2166 clauso,
682 2089 761 2166 quod
787 2089 859 2148 belli
881 2092 1014 2164 tempore
1037 2104 1152 2161 semper

139 2180 241 2252 patere
264 2181 469 2253 consueuerat3
496 2179 574 2236 unde
598 2179 636 2236 ad
659 2177 905 2256 significationem
928 2177 1046 2235 futurae
1069 2173 1152 2250 pacis

142 2266 185 2322 ait
208 2264 358 2342 Vergilius
382 2257 470 2346 (Aen.
489 2266 505 2323 Ι
527 2258 619 2345 294]

305 2403 486 2464 Claudentur
507 2405 579 2464 belli
601 2406 705 2481 portae
729 2397 808 2486 (AV
823 2421 856 2464 eet
873 2404 980 2478 Pocula
1171 2403 1206 2454 20

217 2528 290 2626 'lu
331 2583 377 2622 an
402 2581 539 2623 vaenum
570 2581 672 2622 ranna
702 2558 745 2642 n]
799 2563 892 2642 Leges
924 2564 1009 2640 tulit,
1046 2562 1153 2639 quibus

144 2671 236 2713 moros
259 2656 431 2732 regerentur
453 2644 533 2734 (AV

230 2759 327 2819 *llum
348 2761 444 2838 legem
467 2761 503 2820 de
526 2760 680 2818 adulteriis
704 2761 802 2820 sanxit
825 2752 886 2842 (Pb

232 2999 370 3072 lphebus
381 3001 432 3068 Ap
449 3000 558 3069 phebus
569 3002 611 3055 Vc
692 2999 856 3071 tostAcp]
871 2999 956 3054 om.V
1027 2998 1154 3068 3pliaA

145 3070 282 3140 procliar
371 3071 501 3138 cynthius
520 3071 567 3142 rb]
587 3069 709 3126 cinthius
728 3077 785 3126 cett.
882 3068 998 3139 9quasi
1017 3068 1068 3140 Κ]
1086 3071 1154 3136 quia

147 3142 169 3194 si
186 3143 246 3197 AV
347 3141 409 3210 ipse
433 3141 471 3212 V]
493 3142 569 3211 ipset
587 3144 615 3197 A
724 3147 757 3196 10
779 3139 877 3196 faueat
901 3140 972 3212 ch]
991 3157 1071 3195 econ.
1090 3141 1118 3194 A

147 3218 176 3265 11
200 3211 313 3266 dionaei
334 3213 373 3284 A]
397 3211 491 3266 dionei
515 3214 576 3280 ch
682 3229 741 3281 pro.
762 3229 784 3266 c.
805 3229 828 3266 a.
846 3213 877 3280 V,
903 3212 1010 3282 reliqua
1028 3228 1078 3266 om.
1095 3212 1123 3267 V

145 3284 289 3353 processit]
308 3283 384 3350 quod
402 3283 486 3339 cessit
504 3284 532 3337 A
610 3289 642 3338 13
662 3285 802 3338 excercitu
820 3285 848 3338 A
927 3287 959 3336 14
978 3299 1072 3336 crassa
1090 3282 1118 3336 A

147 3357 302 3424 susceperat
319 3357 346 3411 V
450 3360 482 3408 1o
501 3356 619 3423 peccata
636 3358 664 3409 A
773 3359 805 3408 17
825 3371 900 3409 caes:
916 3353 949 3424 p]
970 3370 1027 3407 ces:
1047 3355 1119 3409 AVo

147 3425 212 3497 iani]
229 3426 259 3479 ia
272 3427 300 3480 A
372 3431 406 3479 18
421 3427 605 3480 consueuerat
618 3427 657 3496 A]
673 3425 819 3480 consueuit
838 3427 898 3495 ch
970 3424 1154 3496 significatio-

147 3513 209 3550 num
232 3497 260 3550 A
368 3503 400 3551 19
425 3498 467 3551 ait
488 3496 619 3566 uirgilius
642 3514 680 3565 cp
702 3514 774 3553 coes.
793 3497 895 3568 Porph.
915 3496 957 3551 ait
976 3497 1072 3552 Vaut
1093 3497 1114 3544 A

149 3572 179 3620 20
197 3566 393 3622 clauderentur
411 3571 438 3624 A
