2650 3920
221 225 285 290 164
551 223 739 280 annosum
759 225 798 279 m
816 193 900 278 noa.

623 500 740 559 GARM.
760 500 792 558 11
811 502 829 559 9

463 654 684 740 [canamsmcn
706 677 906 719 narmoonos
929 651 986 740 (A]

308 819 436 860 uu'rnvu
462 819 582 862 uvosvs
610 819 756 862 vnssmvs
779 819 951 875 incusum,
978 819 1108 860 uaumvs
1133 820 1237 861 musi

222 907 286 964 ovs,
309 908 350 948 vu
373 907 483 964 cvrum
507 908 646 957 ovasnvs
670 907 853 950 rmoamcvs
877 883 921 972 (A
935 891 979 948 bis
992 890 1077 948 ΒΓα

186 989 202 1038 t
314 970 346 1039 l.
375 997 436 1038 uon
459 997 579 1038 saunas
601 997 713 1038 means
736 995 866 1038 nvmevs
888 971 1054 1056 unsmoos]
1091 978 1238 1058 Valgium

221 1067 277 1126 hac
304 1067 359 1127 ode
382 1069 565 1127 consularem
589 1069 752 1143 alloquitur
775 1071 903 1126 amicum
924 1086 1025 1141 suum,
1054 1086 1146 1142 quem
1170 1088 1237 1128 con-

222 1157 336 1216 solatur
353 1156 460 1232 Mystis
482 1157 568 1232 pueri
590 1157 711 1216 delicati
731 1159 777 1216 sui
795 1160 921 1216 mortem
939 1157 1072 1234 grauiter
1090 1157 1239 1218 ferentem

238 1265 272 1306 cn
293 1246 428 1322 Ponant),
458 1247 591 1306 indicans
618 1247 699 1306 mala
725 1246 893 1305 hominibus
921 1265 980 1304 non
1008 1262 1070 1304 esse
1093 1249 1240 1308 continua

237 1333 330 1394 ΑΓα

171 1435 204 1484 10
313 1418 469 1503 msmoos]
511 1423 670 1483 Sontuosos
694 1415 771 1505 (ΑΓ

314 1505 348 1573 2.
386 1507 531 1590 caermu]
574 1512 746 1589 Scythicum
769 1504 846 1592 (ΑΓ

314 1593 348 1662 3.
385 1600 588 1678 menevensis]
631 1602 755 1677 Iniquae
778 1592 857 1681 (ΑΓ

313 1682 346 1750 4.
385 1684 498 1769 vsova]
538 1690 583 1748 Ac
606 1692 632 1748 si
655 1691 776 1749 diceret:
800 1707 915 1764 semper
937 1680 1015 1769 (Ar

315 1771 347 1837 5.
372 1795 450 1835 snam
470 1795 598 1837 canorus
617 1773 721 1856 muas]
743 1778 807 1836 Aut
825 1796 901 1853 quac
920 1796 1038 1835 cursum
1056 1776 1158 1853 gelata
1177 1798 1239 1836 non

172 1866 323 1938 ichabot,
346 1869 399 1924 aut
422 1885 497 1941 quae
520 1868 674 1924 nimietate
697 1868 816 1944 frigoris
835 1869 935 1943 pigros
954 1865 1064 1926 efficiat
1082 1858 1162 1947 (ΑΓ
1168 1868 1199 1926 V

315 1946 346 2014 7.
371 1948 548 2032 ovnncara]
571 1953 613 2013 Vt
631 1957 734 2030 pineta
752 1958 783 2014 et
801 1956 940 2030 esculeto,
963 1957 1005 2014 sic
1024 1957 1053 2014 et
1072 1959 1238 2031 querquetu
1294 1960 1295 2018 3

225 2045 325 2120 posuit
348 2035 460 2124 (ΑΝ7
474 2045 510 2116 cf.
528 2044 634 2117 Porpb.

313 2125 347 2193 8.
385 2151 423 2190 nr
451 2149 549 2190 nonus
577 2150 753 2192 woveuuva
780 2126 867 2210 omn]
913 2133 981 2190 Non
1009 2151 1123 2208 semper
1153 2133 1236 2192 foliis

224 2219 386 2280 uiduantur
414 2214 544 2297 arbores,
575 2222 631 2280 hoc
658 2224 714 2280 est:
748 2220 818 2278 dum
845 2223 877 2279 in
905 2221 1040 2280 omnibus
1068 2223 1148 2280 uices
1175 2225 1237 2281 sint

172 2320 206 2369 20
225 2313 400 2386 temporum,
423 2312 595 2369 continuare
618 2312 731 2368 luctum
749 2309 891 2386 Valgium
914 2328 973 2367 non
995 2310 1099 2368 debere
1123 2301 1241 2390 (ΑΠ’

313 2392 348 2459 9.
381 2418 421 2458 nv
445 2417 563 2459 sumnus
586 2393 699 2477 vacas]
736 2399 887 2458 instanter
909 2400 939 2456 ot
961 2398 1161 2457 indesinenter
1184 2401 1236 2458 fles

226 2479 304 2568 (Ar
317 2490 406 2548 σπι]
421 2490 456 2560 cf.
475 2490 581 2562 Porpb.

314 2594 492 2634 suaninmvs
530 2570 640 2654 uoms]
686 2575 762 2645 Quia
797 2579 887 2651 poeta
924 2578 987 2634 erat
1022 2574 1162 2652 Valgius,
1205 2579 1235 2634 et

226 2657 430 2742 m<a>crorem
452 2682 537 2723 suum
559 2666 701 2725 luctuosis
724 2665 903 2724 carminibus
926 2664 1080 2723 solabatur
1104 2656 1237 2744 (AFoV

173 2764 207 2814 25
318 2745 375 2812 10.
407 2748 590 2832 susurrum]
627 2755 793 2829 Tamquam
815 2772 875 2812 non
896 2756 1047 2812 mortuum
1069 2752 1161 2826 fleret,
1185 2753 1236 2812 scd

228 2843 334 2902 solatio
357 2861 410 2902 suc
434 2843 606 2918 ademptum
628 2835 707 2923 (AF
714 2843 742 2902 V

318 3037 333 3084 3
348 3033 468 3084 metrum
481 3061 516 3069 -
529 3030 573 3101 ut]
587 3030 708 3083 metrum
722 3029 860 3084 alcaicum
874 3029 982 3084 duobus
996 3027 1123 3083 uersibus
1136 3030 1203 3084 utB

228 3103 348 3156 metrum
366 3101 396 3154 in
411 3101 519 3154 duobus
534 3099 672 3154 alcaicum
681 3101 708 3153 A
718 3103 828 3155 oltloco
842 3103 962 3156 metrum
976 3100 1114 3155 alcaicum
1128 3098 1236 3154 duobus

228 3173 355 3227 uersibus
375 3172 513 3226 alcaicum
527 3173 584 3242 (sic)
599 3173 627 3226 A
641 3173 688 3225 ott.
704 3173 720 3224 l.
735 3174 855 3225 metrum
869 3173 977 3226 duobus
991 3171 1118 3225 uersibus
1133 3169 1237 3224 alchai-

229 3261 293 3297 cum
312 3248 359 3297 Γα
462 3243 599 3297 iambicus
617 3243 650 3294 ut
669 3258 753 3310 supra
771 3244 798 3296 A
813 3245 860 3298 alt.
875 3247 932 3298 loco
946 3244 1004 3314 Γα]
1023 3241 1191 3296 nouenarius
1211 3243 1237 3296 A

230 3317 276 3369 alt.
292 3316 309 3369 l.
384 3319 417 3367 10
436 3317 579 3368 sentuosos
593 3314 652 3383 Ar]
672 3315 797 3368 sentosos
815 3335 832 3383 y
905 3319 937 3367 11
955 3313 1132 3367 scithicumr
1150 3313 1236 3382 sythi-

230 3403 293 3440 cum
312 3407 328 3454 γ
347 3385 432 3438 stticu
452 3386 479 3439 A
570 3390 602 3438 12
621 3383 689 3452 iniq.
704 3385 731 3437 A
822 3390 855 3439 16
874 3387 1028 3453 querquetu
1046 3385 1085 3456 A]
1104 3400 1238 3453 querccr

230 3457 362 3525 querceta
380 3457 463 3524 chp
552 3460 586 3507 24
605 3454 803 3509 consolabatur
821 3455 956 3508 luctuosis
975 3455 1147 3509 carminibus
1167 3455 1203 3511 Vc

231 3532 264 3580 25
283 3529 326 3580 set
344 3547 361 3594 γ
379 3542 401 3589 s,
420 3524 544 3578 AVsed
559 3542 581 3592 p
600 3525 745 3580 sirmas
817 3531 850 3578 26
870 3524 972 3578 solacio
991 3542 1007 3577 r
1025 3525 1126 3579 solatio
1145 3534 1201 3582 cett.

227 3604 290 3666 post
316 3596 479 3663 ademptum
496 3597 569 3661 falso
586 3596 683 3664 repetit
700 3598 739 3649 A:
767 3598 912 3663 tamquam
929 3610 985 3647 non
1003 3597 1143 3648 mortuum
1161 3597 1238 3651 fleret
