2674 3922
211 220 272 283 128
540 219 728 274 EXPOSITIO
748 220 788 273 IN
805 219 890 274 HOR.

297 380 331 448 3.
372 382 524 466 6066666]
570 382 684 466 [Η6166
707 382 870 466 Numidae]
894 385 1052 447 Genitiuus
1076 389 1121 447 cst
1144 386 1229 468 (ΑΓ

297 468 331 536 4.
365 475 444 535 Ordo
472 481 529 536 est:
565 478 619 552 qui
645 477 724 536 n'unc
752 494 851 552 sospes
878 494 1016 536 reuersus
1045 476 1081 536 ab
1110 477 1223 538 ultima

207 566 352 641 Hesperia
375 564 485 623 diuidit
505 566 602 632 multa
620 565 723 630 oscula
740 567 817 624 caris
835 564 997 640 sodalibus,
1011 566 1094 644 Ι66111
1115 568 1223 624 tamen

207 654 318 713 diuidit
340 654 437 730 plura,
460 674 551 730 quam
574 653 656 712 dulci
673 653 804 730 Lamiae,
827 673 940 714 memor
962 655 1109 730 pueritiae
1133 657 1220 714 actae

172 753 187 802 5
207 763 266 804 non
290 742 349 802 alio
372 762 441 821 rege
464 747 494 802 et
516 761 629 802 memor
651 743 742 806 simul
764 745 899 802 mutatae
921 747 1010 821 togae
1033 743 1132 824 (PaV

295 849 447 890 nisenam
469 849 509 890 aa
532 826 725 911 viimam
726 832 831 890 timam
853 831 1030 907 Hespen'am
1052 831 1217 907 Hispanias

206 920 290 979 dixit.
335 920 480 997 Hespen'a
508 925 614 980 autem
635 921 672 979 ab
695 920 828 996 Hespero
851 921 944 996 dicta,
975 922 1063 1026 quasi
1084 922 1117 978 in
1140 923 1218 980 occi·

206 1010 319 1069 denteli
341 1010 431 1088 plaga
455 1001 586 1090 (AraV

295 1092 329 1160 6.
348 1117 467 1158 nnuma
487 1092 618 1176 osovna]
642 1098 810 1173 Tamquam
829 1117 906 1174 quae
924 1098 1028 1157 multis
1048 1097 1217 1157 (166666661-

154 1191 317 1262 10661666;
339 1207 417 1264 quae
440 1186 623 1247 consuetudo
647 1189 811 1246 amicorum
830 1190 883 1262 666,
906 1187 978 1245 dum
997 1187 1032 1246 de
1051 1187 1217 1265 longinquo

205 1277 321 1336 tardius
344 1278 538 1335 reuertuntur
561 1268 640 1357 (AF
647 1276 675 1334 V

295 1359 523 1444 8.6666<6>]
564 1364 706 1423 Peractae
729 1355 808 1444 (AF

292 1473 354 1514 aon
375 1473 448 1513 anso
471 1448 567 1532 6666]
604 1453 715 1530 Regem
738 1456 791 1512 aut
813 1453 938 1512 diuitem
961 1454 1064 1529 posuit
1087 1455 1204 1513 6666
1163 1472 1204 1530 p
1205 1483 1217 1494 ·

204 1548 332 1603 tronum.
378 1539 530 1616 quenalis
554 1534 805 1623 (1‚135.136):

153 1679 185 1728 15
269 1752 271 1755 .
337 1667 459 1743 Optima
482 1668 629 1727 siluarum
651 1669 765 1725 interea
787 1667 946 1744 pelagique
970 1668 1092 1726 uorauit
1140 1675 1141 1680 ’

337 1756 399 1815 Rex
422 1757 536 1816 horum.
999 1787 1002 1796 ·

204 1895 342 1957 Puertiae
362 1902 462 1957 autem
484 1917 538 1974 pro
562 1898 709 1973 pueritiae
732 1917 785 1974 per
808 1898 949 1974 sincopon
967 1896 1051 1971 dixit,
1075 1898 1217 1975 6661661-

203 1986 273 2045 11666
294 1987 456 2046 Numidam
473 1986 579 2046 Lamia
602 1989 730 2062 patrono
751 2005 839 2045 usum
863 2005 881 2044 a
903 1987 1034 2061 pueritia
1056 2004 1154 2062 usque
1177 1986 1216 2046 ad

203 2076 323 2134 uirilem
346 2078 474 2134 aetatem
498 2067 546 2156 (66
563 2067 698 2155 Pcrpt.);
721 2075 798 2133 unde
816 2075 884 2133 ideo
903 2076 947 2133 616
964 2094 1041 2152 rege,
1064 2075 1115 2133 uel
1134 2075 1216 2150 quod

149 2174 184 2222 20
204 2183 272 2222 eum
294 2163 400 2222 Lamia
425 2166 542 2223 renuit.
587 2164 730 2222 Peractae
758 2167 860 2222 autem
881 2165 1029 2239 pueritiae
1053 2165 1110 2237 ait,
1142 2166 1215 2238 quia

203 2245 338 2329 deposita
360 2256 514 2330 praetexta
537 2253 724 2330 accipiebant
742 2252 944 2312 adulescentes
962 2246 1066 2330 togam
1084 2253 1211 2312 uinilem.

203 2340 268 2411 Qua
300 2344 578 2402 commemoratione
610 2342 679 2400 uult
710 2342 807 2400 uideni
835 2361 889 2418 per
914 2341 983 2417 hoo,
1014 2339 1096 2416 quod
1124 2342 1214 2400 simul

202 2433 288 2508 togas
315 2433 513 2506 mutauerint,
540 2433 648 2491 aetatis
672 2430 886 2506 aequalitatem
909 2448 1017 2508 augere
1040 2431 1212 2488 amicitiam.

202 2519 288 2579 Vnde
311 2522 341 2579 66
360 2520 511 2598 Vergilius
535 2512 622 2602 (Aea.
637 2519 728 2582 VIIII
747 2510 840 2599 275):

148 2656 183 2704 26
335 2644 402 2703 Μ66
425 2663 512 2720 quem
536 2646 641 2721 spatiis
664 2642 852 2720 propioribus
876 2645 962 2702 aetas·
982 2634 1114 2723 (APcV

293 2776 349 2846 10.
390 2803 504 2844 onnssn
525 2780 621 2864 nona]
645 2784 786 2845 Cretensi.
834 2783 1023 2844 Cretensibus
1047 2787 1126 2844 enim
1148 2804 1211 2850 mos

202 2877 266 2933 erat
289 2873 351 2934 dies
373 2875 468 2934 laetos
491 2875 567 2935 albis
590 2875 726 2950 calculis,
751 2875 845 2951 nigiis
868 2876 1032 2934 contrarios
1055 2893 1211 2934 numerare

202 2955 251 3045 (66
277 2956 397 3044 Porpb.)
430 2967 460 3027 66
491 2982 526 3022 ex
556 2964 702 3022 laetorum
733 2963 848 3022 dierum
876 2981 999 3022 numero
1026 2964 1109 3022 uitae
1137 2966 1210 3022 tem·

203 3171 207 3177 ⁴
292 3167 408 3221 lhuius
427 3166 560 3220 numidae
578 3167 606 3221 A
620 3183 669 3226 om
685 3171 711 3221 Γ
815 3166 1012 3236 4puertiaer
1117 3173 1149 3221 10
1168 3169 1211 3222 666

201 3237 355 3292 amicornm
366 3240 426 3306 ch
499 3244 531 3292 12
546 3241 660 3307 peracte
674 3239 702 3292 A
775 3244 807 3292 13
822 3240 854 3292 66
868 3238 1035 3293 1666661166
1109 3241 1211 3293 19666-

200 3311 259 3363 tem
278 3311 305 3364 A
405 3314 438 3363 20
457 3309 535 3381 qnia]
554 3308 604 3378 qui
622 3311 649 3364 A
749 3315 781 3363 21
801 3312 917 3378 ptcxata
935 3311 963 3365 A
981 3312 1176 3380 pretextatay

202 3379 280 3433 adul·
300 3380 358 3462 Ao]
378 3379 570 3434 adolescentes
588 3397 628 3434 ru
639 3383 684 3448 Vp
703 3379 949 3450 adholescentesy
1039 3386 1073 3435 22
1092 3397 1210 3465 comme

201 3450 376 3506 morantione
390 3451 417 3506 A
489 3457 522 3505 23
542 3451 726 3519 equalitatem
739 3453 768 3506 A
821 3451 973 3508 amititiam
987 3453 1015 3507 A
1087 3457 1120 3507 24
1134 3453 1209 3522 uirg..

200 3523 277 3579 codd
364 3528 398 3576 25
417 3522 521 3590 spaciis
540 3523 567 3577 A
639 3527 700 3577 6666
718 3524 746 3577 A
832 3527 865 3576 28
884 3523 962 3577 uitae
980 3524 1015 3594 Γ]
1034 3539 1089 3596 une
1108 3525 1135 3580 A
1153 3540 1210 3580 una

201 3595 408 3663 ammo
