2596 3910
331 248 451 303 SCHOL.
468 251 528 306 PV
541 249 581 302 IN
599 249 682 302 HOlt.
716 248 818 302 ΕΡΟΙ).
832 253 863 300 17
1033 247 1098 311 453

180 417 325 492 Telephus
356 417 393 474 N.
423 408 499 496 (V)]
547 417 692 492 Telephus
728 437 780 475 rex
811 416 970 491 Mysorum.
1021 415 1100 474 Huic

88 503 196 565 Graeci
219 505 257 564 ad
280 506 400 564 Troiam
424 509 540 581 euntes,
567 509 708 581 putantes
732 525 781 565 eos
805 506 961 578 Troianos,
988 504 1100 562 bellum

87 595 263 654 intulerunt.
311 595 457 670 Telephus
484 595 597 653 restitit
625 597 655 652 et
682 596 827 671 singulari
850 595 1010 653 certamine
1034 613 1100 652 cum

86 683 207 742 Achille
240 683 384 758 conflixit,
422 704 439 743 a
472 701 530 759 quo
563 686 593 741 et
623 684 796 741 uulneratus
829 687 881 742 est.
927 683 997 758 Hic,
1034 702 1101 742 cum

85 774 194 848 postea
221 791 317 830 errore
346 775 463 849 cognito
491 775 523 830 in
552 772 715 838 amicitiam
737 772 895 846 redissent,
924 773 960 831 ab
983 771 1100 831 Achille
1136 783 1152 831 5

87 861 188 920 herbis
222 865 340 920 curatus
373 862 430 935 est,
467 881 594 936 quarum
626 863 781 920 scientiam
812 860 942 920 habehat
974 859 1100 919 Chirone

88 950 220 1009 docente.
268 949 352 1018 Quod
376 951 542 1026 exemplum
564 951 631 1008 ideo
653 951 739 1025 ponit
761 949 918 1024 Horatius,
948 953 995 1024 ut,
1024 952 1100 1008 sicut

86 1039 222 1098 Achilles
246 1039 386 1114 Telepho,
408 1041 453 1097 ita
477 1041 504 1097 ei
528 1038 653 1098 Canidia
675 1039 811 1116 ignoscat
834 1031 918 1118 (ch

177 1127 234 1186 Hic
266 1128 439 1186 uulneratus
473 1130 517 1186 est
544 1130 576 1186 in
603 1128 682 1186 bello
711 1127 747 1186 ab
775 1127 892 1187 Achille
920 1146 973 1186 nec
1000 1128 1101 1202 potuit

87 1218 187 1276 curari
214 1215 251 1275 ab
281 1217 382 1276 altero.
429 1215 555 1276 Graecos
584 1219 686 1275 euntes
715 1219 818 1276 contra
846 1216 989 1274 Troianos
1018 1217 1153 1275 Tele-10

86 1307 164 1382 phus
187 1324 238 1363 ren
256 1305 407 1380 Mysorum
430 1325 490 1364 non
513 1308 642 1381 suscepit
662 1307 800 1381 hospitio.
837 1303 1016 1363 Vulnerauit
1034 1323 1101 1363 cum

86 1396 120 1452 in
144 1395 222 1452 bello
245 1393 384 1453 Achilles.
432 1395 471 1452 Et
495 1414 561 1454 cum
585 1395 636 1452 diu
659 1413 718 1453 non
743 1395 903 1468 curaretur,
926 1411 1100 1466 responsum

87 1485 134 1542 est
157 1483 184 1540 ei
208 1482 244 1540 ab
268 1502 302 1543 eo
324 1502 410 1559 posse
434 1485 545 1558 curari,
574 1502 672 1559 aquo
696 1484 795 1541 fuerat
817 1483 998 1541 uulneratus.
1044 1481 1100 1556 Ita,

86 1573 200 1646 inquit,
232 1573 266 1632 tu
298 1591 360 1646 me,
393 1592 479 1647 quem
512 1572 653 1650 obligasti
679 1573 945 1648 inprecationibus,
977 1572 1100 1630 mutatis

88 1678 166 1720 sana
189 1661 367 1721 carminibus
392 1653 469 1742 (TV
1121 1671 1153 1720 15

181 1741 238 1810 ll.
277 1748 384 1818 Sensus
418 1755 474 1809 est:
512 1753 542 1808 et
568 1749 727 1809 Hectorem
758 1751 818 1807 iam
851 1749 1002 1808 addictum
1030 1750 1099 1807 feris

86 1836 220 1896 reddidit
247 1838 377 1898 Achilles
411 1841 470 1897 suis
503 1839 718 1914 sepeliendum,
750 1841 908 1914 postquam
937 1859 954 1896 a
981 1838 1099 1896 Priamo

86 1931 211 2003 rogatus
245 1929 296 1986 est.
343 1929 383 1985 Et
414 1930 448 1985 tu
480 1921 645 2006 [similiter]
678 1928 786 2006 mitiga
815 1947 885 2006 erga
911 1948 958 1986 me
985 1929 1100 1986 iracun-

88 2017 172 2075 diam
195 2018 279 2073 tuam
302 2007 345 2096 (Γ
352 2017 380 2076 V

181 2096 237 2164 12.
260 2104 449 2165 Homicidam
462 2104 620 2164 Hectorem
635 2097 714 2187 (V)]
751 2106 808 2164 Pro
827 2107 891 2164 uiro
911 2107 983 2164 forti
1000 2106 1101 2180 posuit
1119 2114 1153 2163 20

88 2187 192 2274 (chp
211 2210 245 2251 ca
267 2193 372 2266 Porph.
391 2195 454 2252 sim.
470 2195 499 2250 Γ

177 2280 234 2338 Pro
255 2299 298 2356 eo,
317 2284 368 2356 qui
386 2283 540 2340 hominum
559 2283 648 2357 atque
667 2282 797 2341 hostium
811 2285 922 2342 occisor
936 2283 995 2339 fuit
1010 2273 1105 2362 (ΓΠ

177 2368 296 2428 Imitari
336 2371 433 2429 uoluit
468 2369 646 2428 Homerum:
688 2364 908 2429 ‘homicidam'
945 2389 998 2445 pro
1035 2371 1100 2429 uiro

86 2457 168 2516 forti.
221 2456 331 2517 Graece
361 2460 440 2515 enim
467 2459 565 2516 uoluit
592 2458 688 2517 dicore
717 2461 802 2535 quasi
824 2461 957 2517 uirorum
981 2460 1099 2518 occisor.
1161 2487 1164 2496 ·

87 2544 199 2605 Graece
223 2549 301 2605 enim
325 2546 434 2606 dicitur
454 2548 641 2606 androfonos.
683 2548 790 2623 Licuit,
813 2548 920 2623 inquit,
944 2549 973 2605 et
991 2547 1099 2605 Hecto·
1118 2558 1151 2605 25

86 2654 150 2693 rem
183 2636 320 2710 sepelire,
352 2638 511 2711 postquam
538 2635 670 2695 Achilles
698 2636 816 2695 P1iamo
849 2635 981 2712 supplice
1012 2636 1100 2694 decli-

88 2729 178 2783 natus
202 2726 247 2782 est
270 2718 366 2806 (Γὸῑ7

180 2980 237 3048 15.
257 2984 401 3068 *<Heu>]
439 2989 501 3048 Aut
520 2989 558 3048 ad
578 2992 710 3049 animum
728 2991 910 3067 procidentis
929 2993 1030 3067 posuit
1049 2993 1101 3049 aut

179 3197 211 3246 13
231 3194 257 3246 ei
271 3194 331 3264 rV]
347 3211 424 3262 cocy
496 3210 578 3263 posse
597 3195 635 3265 V]
651 3194 732 3248 illum
746 3211 828 3264 posse
841 3215 857 3250 r
876 3213 939 3250 eum
953 3211 1034 3265 posse
1049 3216 1064 3264 y

86 3263 182 3317 fuerat
199 3264 239 3334 P]
259 3265 345 3319 fucrit
365 3266 392 3318 V
496 3271 529 3317 14
548 3266 767 3335 impactionibus
788 3267 814 3322 V
918 3273 950 3321 18
970 3266 1101 3320 similiter

86 3353 110 3402 r,
126 3349 175 3388 om.
192 3336 241 3403 yV
345 3341 378 3388 20
397 3335 568 3388 homicidam
589 3338 671 3391 etiam
690 3339 704 3393 b
724 3339 755 3392 iu
774 3338 894 3393 lemmate
1001 3354 1051 3407 pro
1067 3369 1083 3377 -

85 3405 195 3478 posuit]
214 3405 307 3458 uirum
326 3406 428 3460 fortem
446 3410 472 3460 Γ
543 3413 575 3460 22
595 3409 644 3474 qni
663 3410 723 3479 bV]
743 3410 819 3476 quod
833 3414 859 3463 Γ
929 3415 961 3463 23
980 3410 1079 3463 imitar·

86 3479 117 3531 in
137 3493 192 3544 quo
211 3476 319 3529 imituri
338 3479 353 3532 b
444 3484 477 3530 24
496 3479 577 3545 quasi
595 3481 667 3552 PV]
688 3481 755 3548 quia
774 3483 789 3536 b
880 3488 912 3536 25
933 3481 986 3535 anf*

86 3547 149 3618 cV]
170 3547 332 3601 androforos
351 3552 378 3602 Γ
481 3547 563 3603 licuit
588 3551 682 3619 inquit
704 3553 732 3606 et
752 3553 790 3624 Γ]
810 3552 853 3607 Ita
875 3556 908 3607 ut
926 3554 951 3607 iu

87 3619 171 3673 licuit
189 3617 211 3670 81
229 3619 281 3686 Ino
301 3620 328 3674 V
