<?xml version="1.0" encoding="UTF-8"?>
<!DOCTYPE html PUBLIC "-//W3C//DTD XHTML 1.0 Transitional//EN"
    "http://www.w3.org/TR/xhtml1/DTD/xhtml1-transitional.dtd">
<html xmlns="http://www.w3.org/1999/xhtml" xml:lang="en" lang="en">
 <head>
  <title>
</title>
<meta http-equiv="Content-Type" content="text/html;charset=utf-8" />
  <meta name='ocr-system' content='tesseract 3.04.00' />
  <meta name='ocr-capabilities' content='ocr_page ocr_carea ocr_par ocr_line ocrx_word'/>
</head>
<body>
  <div class='ocr_page' id='page_1' title='image "./pseudacronissch02kellgoog/pseudacronissch02kellgoog_0337.png"; bbox 0 0 2662 3918; ppageno 0'>
   <div class='ocr_carea' id='block_1_1' title="bbox 180 195 863 261">
    <p class='ocr_par' dir='ltr' id='par_1_1' title="bbox 180 195 863 261">
     <span class='ocr_line' id='line_1_1' title="bbox 180 195 863 261; baseline -0.01 0"><span class='ocrx_word' id='word_1_1' title='bbox 180 197 245 261; x_wconf 73' lang='grc'><strong>322</strong></span> <span class='ocrx_word' id='word_1_2' title='bbox 513 195 702 251; x_wconf 84' lang='lat' dir='ltr'>EXPOSITIO</span> <span class='ocrx_word' id='word_1_3' title='bbox 720 196 761 250; x_wconf 84' lang='lat' dir='ltr'><strong>IN</strong></span> <span class='ocrx_word' id='word_1_4' title='bbox 778 196 863 254; x_wconf 76' lang='lat' dir='ltr'><strong>Hos.</strong></span> 
     </span>
    </p>
   </div>
   <div class='ocr_carea' id='block_1_2' title="bbox 181 363 1322 530">
    <p class='ocr_par' dir='ltr' id='par_1_2' title="bbox 181 363 1322 530">
     <span class='ocr_line' id='line_1_2' title="bbox 181 363 1322 462; baseline -0.002 -38"><span class='ocrx_word' id='word_1_5' title='bbox 181 367 321 424; x_wconf 72' lang='lat' dir='ltr'>carminis</span> <span class='ocrx_word' id='word_1_6' title='bbox 354 365 469 438; x_wconf 83' lang='lat' dir='ltr'><strong>auetori</strong></span> <span class='ocrx_word' id='word_1_7' title='bbox 496 363 548 423; x_wconf 90' lang='lat' dir='ltr'><strong>dat</strong></span> <span class='ocrx_word' id='word_1_8' title='bbox 574 364 701 423; x_wconf 88' lang='lat' dir='ltr'><strong>laudem.</strong></span> <span class='ocrx_word' id='word_1_9' title='bbox 747 363 817 423; x_wconf 88' lang='lat' dir='ltr'><strong>Ideo</strong></span> <span class='ocrx_word' id='word_1_10' title='bbox 845 365 1070 458; x_wconf 85' lang='lat' dir='ltr'><strong>monumentum</strong></span> <span class='ocrx_word' id='word_1_11' title='bbox 1097 367 1211 440; x_wconf 85' lang='lat' dir='ltr'><strong>operis</strong></span> <span class='ocrx_word' id='word_1_12' title='bbox 1301 392 1322 462; x_wconf 42' lang='lat' dir='ltr'><strong>p</strong></span> 
     </span>
     <span class='ocr_line' id='line_1_3' title="bbox 181 453 1322 530; baseline -0.004 -18"><span class='ocrx_word' id='word_1_13' title='bbox 181 457 229 512; x_wconf 88' lang='lat' dir='ltr'><strong>sui</strong></span> <span class='ocrx_word' id='word_1_14' title='bbox 251 454 332 512; x_wconf 85' lang='lat' dir='ltr'><strong>ultra</strong></span> <span class='ocrx_word' id='word_1_15' title='bbox 351 456 476 526; x_wconf 86' lang='lat' dir='ltr'><strong>statuas,</strong></span> <span class='ocrx_word' id='word_1_16' title='bbox 498 471 573 528; x_wconf 90' lang='lat' dir='ltr'><strong>quas</strong></span> <span class='ocrx_word' id='word_1_17' title='bbox 591 455 744 512; x_wconf 87' lang='lat' dir='ltr'><strong>nominato</strong></span> <span class='ocrx_word' id='word_1_18' title='bbox 765 472 831 512; x_wconf 90' lang='lat' dir='ltr'><strong>aere</strong></span> <span class='ocrx_word' id='word_1_19' title='bbox 850 453 1007 530; x_wconf 82' lang='lat' dir='ltr'><strong>signifieat,</strong></span> <span class='ocrx_word' id='word_1_20' title='bbox 1031 455 1062 513; x_wconf 89' lang='lat' dir='ltr'><strong>et</strong></span> <span class='ocrx_word' id='word_1_21' title='bbox 1080 455 1212 530; x_wconf 88' lang='lat' dir='ltr'><strong>magni-</strong></span> <span class='ocrx_word' id='word_1_22' title='bbox 1321 469 1322 478; x_wconf 51' lang='lat'><strong>³</strong></span> 
     </span>
    </p>
   </div>
   <div class='ocr_carea' id='block_1_3' title="bbox 129 541 1210 1327">
    <p class='ocr_par' dir='ltr' id='par_1_3' title="bbox 129 541 1210 1327">
     <span class='ocr_line' id='line_1_4' title="bbox 180 541 1207 617; baseline 0.002 -17"><span class='ocrx_word' id='word_1_23' title='bbox 180 542 331 601; x_wconf 80' lang='lat' dir='ltr'><strong>fluentiam</strong></span> <span class='ocrx_word' id='word_1_24' title='bbox 368 541 416 599; x_wconf 87' lang='lat' dir='ltr'><strong>uel</strong></span> <span class='ocrx_word' id='word_1_25' title='bbox 452 541 634 600; x_wconf 74' lang='lat' dir='ltr'><strong>soliditatem</strong></span> <span class='ocrx_word' id='word_1_26' title='bbox 670 541 892 617; x_wconf 80' lang='lat' dir='ltr'>sepulchrorum</span> <span class='ocrx_word' id='word_1_27' title='bbox 922 542 1081 616; x_wconf 81' lang='lat' dir='ltr'><strong>perennius</strong></span> <span class='ocrx_word' id='word_1_28' title='bbox 1114 541 1207 602; x_wconf 79' lang='lat' dir='ltr'><strong>dicit.</strong></span> 
     </span>
     <span class='ocr_line' id='line_1_5' title="bbox 181 629 1210 707; baseline 0.001 -19"><span class='ocrx_word' id='word_1_29' title='bbox 181 629 355 706; x_wconf 83' lang='lat' dir='ltr'><strong>Pyramides</strong></span> <span class='ocrx_word' id='word_1_30' title='bbox 388 631 488 688; x_wconf 88' lang='lat' dir='ltr'><strong>autem</strong></span> <span class='ocrx_word' id='word_1_31' title='bbox 516 632 636 706; x_wconf 88' lang='lat' dir='ltr'><strong>proprie</strong></span> <span class='ocrx_word' id='word_1_32' title='bbox 663 649 767 706; x_wconf 81' lang='lat' dir='ltr'><strong>regum</strong></span> <span class='ocrx_word' id='word_1_33' title='bbox 794 630 1011 707; x_wconf 84' lang='lat' dir='ltr'><strong>Aegyptiorum</strong></span> <span class='ocrx_word' id='word_1_34' title='bbox 1040 631 1210 705; x_wconf 79' lang='lat' dir='ltr'><strong>sepulchra</strong></span> 
     </span>
     <span class='ocr_line' id='line_1_6' title="bbox 146 710 1207 799; baseline -0.001 -21"><span class='ocrx_word' id='word_1_35' title='bbox 146 721 252 778; x_wconf 77' lang='lat' dir='ltr'><strong>esunt</strong></span> <span class='ocrx_word' id='word_1_36' title='bbox 278 720 395 795; x_wconf 83' lang='lat' dir='ltr'><strong>ingenti</strong></span> <span class='ocrx_word' id='word_1_37' title='bbox 417 718 494 778; x_wconf 90' lang='lat' dir='ltr'><strong>mola</strong></span> <span class='ocrx_word' id='word_1_38' title='bbox 518 722 687 778; x_wconf 86' lang='lat' dir='ltr'><strong>oonstruota</strong></span> <span class='ocrx_word' id='word_1_39' title='bbox 711 710 801 799; x_wconf 80' lang='lat' dir='ltr'><strong>(eoas.</strong></span> <span class='ocrx_word' id='word_1_40' title='bbox 820 711 941 798; x_wconf 77' lang='lat' dir='ltr'><strong>Porpb.)</strong></span> <span class='ocrx_word' id='word_1_41' title='bbox 966 721 995 777; x_wconf 89' lang='lat' dir='ltr'><strong>et</strong></span> <span class='ocrx_word' id='word_1_42' title='bbox 1017 720 1050 776; x_wconf 90' lang='lat' dir='ltr'><strong>in</strong></span> <span class='ocrx_word' id='word_1_43' title='bbox 1073 737 1207 778; x_wconf 86' lang='lat' dir='ltr'><strong>aeumen</strong></span> 
     </span>
     <span class='ocr_line' id='line_1_7' title="bbox 182 806 1207 884; baseline 0.001 -18"><span class='ocrx_word' id='word_1_44' title='bbox 182 807 302 881; x_wconf 82' lang='lat' dir='ltr'><strong>educta,</strong></span> <span class='ocrx_word' id='word_1_45' title='bbox 333 809 366 864; x_wconf 89' lang='lat' dir='ltr'><strong>in</strong></span> <span class='ocrx_word' id='word_1_46' title='bbox 396 806 518 866; x_wconf 89' lang='lat' dir='ltr'><strong>modum</strong></span> <span class='ocrx_word' id='word_1_47' title='bbox 549 807 685 866; x_wconf 90' lang='lat' dir='ltr'><strong>flammae</strong></span> <span class='ocrx_word' id='word_1_48' title='bbox 718 825 835 866; x_wconf 93' lang='lat' dir='ltr'><strong>sursum</strong></span> <span class='ocrx_word' id='word_1_49' title='bbox 867 808 1028 884; x_wconf 85' lang='lat' dir='ltr'><strong>surgentis,</strong></span> <span class='ocrx_word' id='word_1_50' title='bbox 1059 807 1140 866; x_wconf 86' lang='lat' dir='ltr'><strong>undo</strong></span> <span class='ocrx_word' id='word_1_51' title='bbox 1168 809 1207 867; x_wconf 81' lang='lat' dir='ltr'><strong>et</strong></span> 
     </span>
     <span class='ocr_line' id='line_1_8' title="bbox 181 888 1113 976; baseline 0.002 -22"><span class='ocrx_word' id='word_1_52' title='bbox 181 914 288 955; x_wconf 88' lang='lat' dir='ltr'><strong>nomeu</strong></span> <span class='ocrx_word' id='word_1_53' title='bbox 312 897 357 954; x_wconf 88' lang='lat' dir='ltr'><strong>est</strong></span> <span class='ocrx_word' id='word_1_54' title='bbox 378 894 508 953; x_wconf 88' lang='lat' dir='ltr'><strong>inditum</strong></span> <span class='ocrx_word' id='word_1_55' title='bbox 531 888 689 976; x_wconf 76' lang='lat' dir='ltr'><strong>(AFubV</strong></span> <span class='ocrx_word' id='word_1_56' title='bbox 1111 919 1113 924; x_wconf 85' lang='lat'><em>·</em></span> 
     </span>
     <span class='ocr_line' id='line_1_9' title="bbox 271 981 1202 1062; baseline 0.002 -20"><span class='ocrx_word' id='word_1_57' title='bbox 271 981 351 1042; x_wconf 89' lang='lat' dir='ltr'><strong>Ordo</strong></span> <span class='ocrx_word' id='word_1_58' title='bbox 374 986 432 1043; x_wconf 87' lang='lat' dir='ltr'><strong>est:</strong></span> <span class='ocrx_word' id='word_1_59' title='bbox 468 983 661 1061; x_wconf 84' lang='lat' dir='ltr'><strong>Melpomene,</strong></span> <span class='ocrx_word' id='word_1_60' title='bbox 686 986 769 1062; x_wconf 81' lang='lat' dir='ltr'><strong>exegi</strong></span> <span class='ocrx_word' id='word_1_61' title='bbox 791 986 1015 1042; x_wconf 76' lang='lat' dir='ltr'><strong>monumentum</strong></span> <span class='ocrx_word' id='word_1_62' title='bbox 1038 986 1202 1059; x_wconf 78' lang='lat' dir='ltr'><strong>perennius</strong></span> 
     </span>
     <span class='ocr_line' id='line_1_10' title="bbox 182 1064 350 1153; baseline 0.006 -23"><span class='ocrx_word' id='word_1_63' title='bbox 182 1091 249 1131; x_wconf 87' lang='lat' dir='ltr'><strong>aere</strong></span> <span class='ocrx_word' id='word_1_64' title='bbox 272 1064 350 1153; x_wconf 63' lang='grc' dir='ltr'><strong>(ΓΡ</strong></span> 
     </span>
     <span class='ocr_line' id='line_1_11' title="bbox 129 1151 746 1241; baseline -0.003 -21"><span class='ocrx_word' id='word_1_65' title='bbox 129 1172 164 1220; x_wconf 88' lang='lat'><strong>10</strong></span> <span class='ocrx_word' id='word_1_66' title='bbox 270 1154 379 1238; x_wconf 79' lang='lat' dir='ltr'><strong>aunei]</strong></span> <span class='ocrx_word' id='word_1_67' title='bbox 420 1159 510 1234; x_wconf 74' lang='lat' dir='ltr'><strong>Finii,</strong></span> <span class='ocrx_word' id='word_1_68' title='bbox 532 1161 643 1236; x_wconf 80' lang='lat' dir='ltr'><strong>perfeci</strong></span> <span class='ocrx_word' id='word_1_69' title='bbox 666 1151 746 1241; x_wconf 81' lang='lat' dir='ltr'><strong>(AF</strong></span> 
     </span>
     <span class='ocr_line' id='line_1_12' title="bbox 270 1243 1201 1327; baseline -0.001 -19"><span class='ocrx_word' id='word_1_70' title='bbox 270 1245 369 1327; x_wconf 85' lang='lat' dir='ltr'><strong>&lt;Aere</strong></span> <span class='ocrx_word' id='word_1_71' title='bbox 396 1243 590 1327; x_wconf 84' lang='lat' dir='ltr'><strong>perennius&gt;]</strong></span> <span class='ocrx_word' id='word_1_72' title='bbox 635 1248 717 1308; x_wconf 89' lang='lat' dir='ltr'><strong>Idest</strong></span> <span class='ocrx_word' id='word_1_73' title='bbox 745 1249 909 1308; x_wconf 77' lang='lat' dir='ltr'><strong>durabilius</strong></span> <span class='ocrx_word' id='word_1_74' title='bbox 936 1249 1066 1308; x_wconf 76' lang='lat' dir='ltr'><strong>metelle.</strong></span> <span class='ocrx_word' id='word_1_75' title='bbox 1117 1249 1201 1308; x_wconf 86' lang='lat' dir='ltr'><strong>Nam</strong></span> 
     </span>
    </p>
   </div>
   <div class='ocr_carea' id='block_1_4' title="bbox 182 1337 1322 1424">
    <p class='ocr_par' dir='ltr' id='par_1_4' title="bbox 182 1337 1322 1424">
     <span class='ocr_line' id='line_1_13' title="bbox 182 1337 1322 1424; baseline 0.002 -28"><span class='ocrx_word' id='word_1_76' title='bbox 182 1341 407 1398; x_wconf 89' lang='lat' dir='ltr'><strong>monumentum</strong></span> <span class='ocrx_word' id='word_1_77' title='bbox 430 1337 504 1397; x_wconf 82' lang='lat' dir='ltr'><strong>dicit</strong></span> <span class='ocrx_word' id='word_1_78' title='bbox 527 1355 600 1414; x_wconf 91' lang='lat' dir='ltr'><strong>opus</strong></span> <span class='ocrx_word' id='word_1_79' title='bbox 624 1356 722 1412; x_wconf 87' lang='lat' dir='ltr'><strong>suum,</strong></span> <span class='ocrx_word' id='word_1_80' title='bbox 747 1338 826 1413; x_wconf 92' lang='lat' dir='ltr'><strong>quod</strong></span> <span class='ocrx_word' id='word_1_81' title='bbox 850 1337 1014 1396; x_wconf 78' lang='lat' dir='ltr'><strong>durabilius</strong></span> <span class='ocrx_word' id='word_1_82' title='bbox 1038 1338 1112 1397; x_wconf 83' lang='lat' dir='ltr'><strong>dioit</strong></span> <span class='ocrx_word' id='word_1_83' title='bbox 1134 1357 1200 1398; x_wconf 80' lang='lat' dir='ltr'><strong>esse</strong></span> <span class='ocrx_word' id='word_1_84' title='bbox 1321 1421 1322 1424; x_wconf 7' lang='grc' dir='ltr'><strong>Ἰ</strong></span> 
     </span>
    </p>
   </div>
   <div class='ocr_carea' id='block_1_5' title="bbox 131 1417 1199 1681">
    <p class='ocr_par' dir='ltr' id='par_1_5' title="bbox 131 1417 1199 1681">
     <span class='ocr_line' id='line_1_14' title="bbox 183 1417 826 1507; baseline -0.002 -22"><span class='ocrx_word' id='word_1_85' title='bbox 183 1430 291 1486; x_wconf 83' lang='lat' dir='ltr'><strong>statuis</strong></span> <span class='ocrx_word' id='word_1_86' title='bbox 315 1427 445 1485; x_wconf 88' lang='lat' dir='ltr'><strong>diuitum</strong></span> <span class='ocrx_word' id='word_1_87' title='bbox 468 1446 503 1485; x_wconf 83' lang='lat' dir='ltr'><strong>er</strong></span> <span class='ocrx_word' id='word_1_88' title='bbox 526 1445 593 1485; x_wconf 89' lang='lat' dir='ltr'><strong>aere</strong></span> <span class='ocrx_word' id='word_1_89' title='bbox 617 1426 705 1485; x_wconf 81' lang='lat' dir='ltr'><strong>factis</strong></span> <span class='ocrx_word' id='word_1_90' title='bbox 729 1417 826 1507; x_wconf 67' lang='grc' dir='ltr'><strong>(ΓΝ</strong></span> 
     </span>
     <span class='ocr_line' id='line_1_15' title="bbox 271 1506 903 1596; baseline -0.002 -23"><span class='ocrx_word' id='word_1_91' title='bbox 271 1509 477 1593; x_wconf 80' lang='lat' dir='ltr'><strong>rnnusuruvs]</strong></span> <span class='ocrx_word' id='word_1_92' title='bbox 518 1515 648 1589; x_wconf 81' lang='lat' dir='ltr'><strong>Fortius,</strong></span> <span class='ocrx_word' id='word_1_93' title='bbox 670 1514 801 1573; x_wconf 90' lang='lat' dir='ltr'><strong>ualidius</strong></span> <span class='ocrx_word' id='word_1_94' title='bbox 824 1506 903 1596; x_wconf 81' lang='lat' dir='ltr'><strong>(AF</strong></span> 
     </span>
     <span class='ocr_line' id='line_1_16' title="bbox 131 1596 1199 1681; baseline 0 -19"><span class='ocrx_word' id='word_1_95' title='bbox 131 1615 163 1663; x_wconf 84' lang='lat'><strong>15</strong></span> <span class='ocrx_word' id='word_1_96' title='bbox 273 1596 307 1664; x_wconf 80' lang='grc'><strong>3.</strong></span> <span class='ocrx_word' id='word_1_97' title='bbox 331 1621 415 1670; x_wconf 79' lang='lat' dir='ltr'><strong>ovoo</strong></span> <span class='ocrx_word' id='word_1_98' title='bbox 438 1621 500 1662; x_wconf 82' lang='lat' dir='ltr'><strong>uou</strong></span> <span class='ocrx_word' id='word_1_99' title='bbox 522 1621 618 1661; x_wconf 83' lang='lat' dir='ltr'><strong>maun</strong></span> <span class='ocrx_word' id='word_1_100' title='bbox 641 1620 733 1677; x_wconf 78' lang='lat' dir='ltr'><strong>anax,</strong></span> <span class='ocrx_word' id='word_1_101' title='bbox 755 1620 817 1662; x_wconf 84' lang='lat' dir='ltr'><strong>uou</strong></span> <span class='ocrx_word' id='word_1_102' title='bbox 835 1597 964 1681; x_wconf 76' lang='lat' dir='ltr'><strong>sermo]</strong></span> <span class='ocrx_word' id='word_1_103' title='bbox 995 1600 1199 1678; x_wconf 76' lang='lat' dir='ltr'><strong>Comumpens</strong></span> 
     </span>
    </p>
   </div>
   <div class='ocr_carea' id='block_1_6' title="bbox 182 1683 1200 1859">
    <p class='ocr_par' dir='ltr' id='par_1_6' title="bbox 182 1683 1200 1859">
     <span class='ocr_line' id='line_1_17' title="bbox 182 1683 1200 1859; baseline 0.001 -108"><span class='ocrx_word' id='word_1_104' title='bbox 182 1694 433 1859; x_wconf 44' lang='lat' dir='ltr'><strong>plisstempgptatia</strong></span> <span class='ocrx_word' id='word_1_105' title='bbox 470 1691 541 1750; x_wconf 89' lang='lat' dir='ltr'><strong>Ideo</strong></span> <span class='ocrx_word' id='word_1_106' title='bbox 565 1695 595 1751; x_wconf 90' lang='lat' dir='ltr'><strong>et</strong></span> <span class='ocrx_word' id='word_1_107' title='bbox 614 1691 794 1767; x_wconf 86' lang='lat' dir='ltr'><strong>Aquilonem</strong></span> <span class='ocrx_word' id='word_1_108' title='bbox 817 1694 926 1767; x_wconf 86' lang='lat' dir='ltr'><strong>posuit,</strong></span> <span class='ocrx_word' id='word_1_109' title='bbox 948 1695 982 1750; x_wconf 93' lang='lat' dir='ltr'><strong>ut</strong></span> <span class='ocrx_word' id='word_1_110' title='bbox 1002 1683 1105 1772; x_wconf 69' lang='lat' dir='ltr'><strong>(Vero.</strong></span> <span class='ocrx_word' id='word_1_111' title='bbox 1121 1689 1200 1752; x_wconf 81' lang='lat' dir='ltr'><strong>Aen.</strong></span> 
     </span>
     <span class='ocr_line' id='line_1_18' title="bbox 266 1783 358 1838; baseline 0 0"><span class='ocrx_word' id='word_1_112' title='bbox 266 1783 305 1838; x_wconf 89' lang='lat'><strong>31</strong></span> <span class='ocrx_word' id='word_1_113' title='bbox 351 1801 358 1838; x_wconf 91' lang='lat'>:</span> 
     </span>
    </p>
   </div>
   <div class='ocr_carea' id='block_1_7' title="bbox 343 1903 906 1980">
    <p class='ocr_par' dir='ltr' id='par_1_7' title="bbox 343 1903 906 1980">
     <span class='ocr_line' id='line_1_19' title="bbox 343 1903 906 1980; baseline 0.007 -20"><span class='ocrx_word' id='word_1_114' title='bbox 343 1903 383 1960; x_wconf 79' lang='lat' dir='ltr'><strong>Et</strong></span> <span class='ocrx_word' id='word_1_115' title='bbox 405 1903 510 1962; x_wconf 88' lang='lat' dir='ltr'><strong>mediis</strong></span> <span class='ocrx_word' id='word_1_116' title='bbox 534 1922 675 1980; x_wconf 89' lang='lat' dir='ltr'><strong>properas</strong></span> <span class='ocrx_word' id='word_1_117' title='bbox 698 1903 906 1980; x_wconf 86' lang='lat' dir='ltr'><strong>Aquilonibus,</strong></span> 
     </span>
    </p>
   </div>
   <div class='ocr_carea' id='block_1_8' title="bbox 129 2037 1120 2214">
    <p class='ocr_par' dir='ltr' id='par_1_8' title="bbox 129 2037 1120 2214">
     <span class='ocr_line' id='line_1_20' title="bbox 183 2037 1120 2126; baseline 0.005 -26"><span class='ocrx_word' id='word_1_118' title='bbox 183 2045 254 2121; x_wconf 90' lang='lat' dir='ltr'><strong>quia</strong></span> <span class='ocrx_word' id='word_1_119' title='bbox 277 2046 494 2119; x_wconf 83' lang='lat' dir='ltr'><strong>tempestuosus</strong></span> <span class='ocrx_word' id='word_1_120' title='bbox 518 2047 562 2104; x_wconf 90' lang='lat' dir='ltr'><strong>est</strong></span> <span class='ocrx_word' id='word_1_121' title='bbox 586 2049 638 2106; x_wconf 89' lang='lat' dir='ltr'><strong>aut</strong></span> <span class='ocrx_word' id='word_1_122' title='bbox 660 2046 752 2105; x_wconf 89' lang='lat' dir='ltr'><strong>hiemi</strong></span> <span class='ocrx_word' id='word_1_123' title='bbox 775 2064 937 2123; x_wconf 85' lang='lat' dir='ltr'><strong>eongruens</strong></span> <span class='ocrx_word' id='word_1_124' title='bbox 962 2037 1005 2126; x_wconf 88' lang='lat' dir='ltr'><strong>(A</strong></span> <span class='ocrx_word' id='word_1_125' title='bbox 1014 2045 1120 2105; x_wconf 80' lang='lat' dir='ltr'><strong>PubV</strong></span> 
     </span>
     <span class='ocr_line' id='line_1_21' title="bbox 129 2125 964 2214; baseline -0.004 -20"><span class='ocrx_word' id='word_1_126' title='bbox 129 2146 164 2194; x_wconf 81' lang='lat'><strong>‘20</strong></span> <span class='ocrx_word' id='word_1_127' title='bbox 271 2127 437 2212; x_wconf 69' lang='lat' dir='ltr'><strong>uspersus]</strong></span> <span class='ocrx_word' id='word_1_128' title='bbox 476 2133 573 2192; x_wconf 87' lang='lat' dir='ltr'><strong>Valde</strong></span> <span class='ocrx_word' id='word_1_129' title='bbox 595 2137 700 2210; x_wconf 88' lang='lat' dir='ltr'><strong>potens</strong></span> <span class='ocrx_word' id='word_1_130' title='bbox 725 2125 790 2214; x_wconf 83' lang='lat' dir='ltr'><strong>(Ar</strong></span> <span class='ocrx_word' id='word_1_131' title='bbox 809 2151 843 2193; x_wconf 80' lang='lat' dir='ltr'><strong>ee</strong></span> <span class='ocrx_word' id='word_1_132' title='bbox 859 2134 964 2206; x_wconf 77' lang='lat' dir='ltr'><strong>Porpla</strong></span> 
     </span>
    </p>
   </div>
   <div class='ocr_carea' id='block_1_9' title="bbox 182 2214 1198 2392">
    <p class='ocr_par' dir='ltr' id='par_1_9' title="bbox 182 2214 1198 2392">
     <span class='ocr_line' id='line_1_22' title="bbox 182 2214 1198 2392; baseline -0.001 -112"><span class='ocrx_word' id='word_1_133' title='bbox 182 2311 242 2370; x_wconf 75' lang='grc' dir='ltr'><strong>ΧΠ</strong></span> <span class='ocrx_word' id='word_1_134' title='bbox 261 2214 374 2392; x_wconf 36' lang='lat' dir='ltr'><strong>&amp;A</strong></span> <span class='ocrx_word' id='word_1_135' title='bbox 416 2239 477 2282; x_wconf 79' lang='lat' dir='ltr'><strong>svs</strong></span> <span class='ocrx_word' id='word_1_136' title='bbox 513 2239 750 2282; x_wconf 77' lang='lat' dir='ltr'><strong>muvuunssmrs</strong></span> <span class='ocrx_word' id='word_1_137' title='bbox 787 2240 815 2280; x_wconf 78' lang='lat' dir='ltr'><strong>s.</strong></span> <span class='ocrx_word' id='word_1_138' title='bbox 836 2217 875 2301; x_wconf 84' lang='lat' dir='ltr'><strong>s]</strong></span> <span class='ocrx_word' id='word_1_139' title='bbox 920 2222 962 2281; x_wconf 89' lang='lat' dir='ltr'><strong>Vt</strong></span> <span class='ocrx_word' id='word_1_140' title='bbox 999 2214 1102 2302; x_wconf 72' lang='lat' dir='ltr'><strong>(Verp.</strong></span> <span class='ocrx_word' id='word_1_141' title='bbox 1120 2219 1198 2280; x_wconf 79' lang='lat' dir='ltr'><strong>Aen.</strong></span> 
     </span>
    </p>
   </div>
   <div class='ocr_carea' id='block_1_10' title="bbox 342 2434 859 2496">
    <p class='ocr_par' dir='ltr' id='par_1_10' title="bbox 342 2434 859 2496">
     <span class='ocr_line' id='line_1_23' title="bbox 342 2434 859 2496; baseline -0.002 -2"><span class='ocrx_word' id='word_1_142' title='bbox 342 2434 438 2496; x_wconf 90' lang='lat' dir='ltr'><strong>Annis</strong></span> <span class='ocrx_word' id='word_1_143' title='bbox 461 2436 553 2494; x_wconf 90' lang='lat' dir='ltr'><strong>soluit</strong></span> <span class='ocrx_word' id='word_1_144' title='bbox 575 2436 694 2495; x_wconf 90' lang='lat' dir='ltr'><strong>sublata</strong></span> <span class='ocrx_word' id='word_1_145' title='bbox 716 2438 859 2495; x_wconf 89' lang='lat' dir='ltr'><strong>uetustas.</strong></span> 
     </span>
    </p>
   </div>
   <div class='ocr_carea' id='block_1_11' title="bbox 131 2557 1199 2814">
    <p class='ocr_par' dir='ltr' id='par_1_11' title="bbox 131 2557 1199 2814">
     <span class='ocr_line' id='line_1_24' title="bbox 183 2557 1199 2636; baseline 0.003 -21"><span class='ocrx_word' id='word_1_146' title='bbox 183 2557 248 2616; x_wconf 87' lang='lat' dir='ltr'><strong>Hoe</strong></span> <span class='ocrx_word' id='word_1_147' title='bbox 276 2561 334 2618; x_wconf 87' lang='lat' dir='ltr'><strong>est:</strong></span> <span class='ocrx_word' id='word_1_148' title='bbox 362 2559 442 2619; x_wconf 88' lang='lat' dir='ltr'><strong>diota</strong></span> <span class='ocrx_word' id='word_1_149' title='bbox 469 2578 523 2618; x_wconf 92' lang='lat' dir='ltr'><strong>sua</strong></span> <span class='ocrx_word' id='word_1_150' title='bbox 549 2577 604 2618; x_wconf 89' lang='lat' dir='ltr'><strong>neo</strong></span> <span class='ocrx_word' id='word_1_151' title='bbox 626 2561 776 2618; x_wconf 86' lang='lat' dir='ltr'><strong>uetustate</strong></span> <span class='ocrx_word' id='word_1_152' title='bbox 798 2578 853 2618; x_wconf 88' lang='lat' dir='ltr'><strong>neo</strong></span> <span class='ocrx_word' id='word_1_153' title='bbox 874 2558 1102 2636; x_wconf 84' lang='lat' dir='ltr'><strong>tempestatibus</strong></span> <span class='ocrx_word' id='word_1_154' title='bbox 1126 2558 1199 2618; x_wconf 91' lang='lat' dir='ltr'><strong>abo·</strong></span> 
     </span>
     <span class='ocr_line' id='line_1_25' title="bbox 131 2639 450 2727; baseline 0 -20"><span class='ocrx_word' id='word_1_155' title='bbox 131 2659 165 2707; x_wconf 80' lang='lat'><strong>25</strong></span> <span class='ocrx_word' id='word_1_156' title='bbox 184 2646 272 2704; x_wconf 87' lang='lat' dir='ltr'><strong>lenda</strong></span> <span class='ocrx_word' id='word_1_157' title='bbox 296 2639 450 2727; x_wconf 82' lang='lat' dir='ltr'><strong>(APubV</strong></span> 
     </span>
     <span class='ocr_line' id='line_1_26' title="bbox 274 2729 1199 2814; baseline 0.001 -21"><span class='ocrx_word' id='word_1_158' title='bbox 274 2729 309 2794; x_wconf 84' lang='grc'><strong>6.</strong></span> <span class='ocrx_word' id='word_1_159' title='bbox 344 2753 407 2795; x_wconf 79' lang='lat' dir='ltr'><strong>rou</strong></span> <span class='ocrx_word' id='word_1_160' title='bbox 434 2730 540 2814; x_wconf 83' lang='lat' dir='ltr'><strong>omns]</strong></span> <span class='ocrx_word' id='word_1_161' title='bbox 581 2736 618 2794; x_wconf 93' lang='lat' dir='ltr'><strong>In</strong></span> <span class='ocrx_word' id='word_1_162' title='bbox 645 2737 815 2796; x_wconf 85' lang='lat' dir='ltr'><strong>litterarum</strong></span> <span class='ocrx_word' id='word_1_163' title='bbox 838 2736 956 2796; x_wconf 85' lang='lat' dir='ltr'><strong>laudem</strong></span> <span class='ocrx_word' id='word_1_164' title='bbox 979 2737 1052 2795; x_wconf 80' lang='lat' dir='ltr'><strong>dicit</strong></span> <span class='ocrx_word' id='word_1_165' title='bbox 1074 2753 1199 2812; x_wconf 84' lang='lat' dir='ltr'><strong>corpore</strong></span> 
     </span>
    </p>
   </div>
   <div class='ocr_carea' id='block_1_12' title="bbox 183 2921 1197 3625">
    <p class='ocr_par' dir='ltr' id='par_1_12' title="bbox 183 2921 1197 3625">
     <span class='ocr_line' id='line_1_27' title="bbox 274 2921 1161 2993; baseline 0 -19"><span class='ocrx_word' id='word_1_166' title='bbox 274 2921 470 2990; x_wconf 70' lang='lat' dir='ltr'><strong>dperliennius</strong></span> <span class='ocrx_word' id='word_1_167' title='bbox 480 2922 527 2975; x_wconf 84' lang='lat' dir='ltr'><strong>Ar</strong></span> <span class='ocrx_word' id='word_1_168' title='bbox 545 2921 673 2991; x_wconf 89' lang='lat' dir='ltr'><strong>pennius</strong></span> <span class='ocrx_word' id='word_1_169' title='bbox 684 2942 702 2974; x_wconf 88' lang='grc' dir='ltr'><strong><em>α</em></strong></span> <span class='ocrx_word' id='word_1_170' title='bbox 775 2928 791 2974; x_wconf 83' lang='grc'>4</span> <span class='ocrx_word' id='word_1_171' title='bbox 805 2940 870 2991; x_wconf 85' lang='lat' dir='ltr'><strong>pyr:</strong></span> <span class='ocrx_word' id='word_1_172' title='bbox 886 2953 919 2962; x_wconf 87' lang='lat'><strong>-—</strong></span> <span class='ocrx_word' id='word_1_173' title='bbox 934 2922 1069 2993; x_wconf 87' lang='lat' dir='ltr'><strong>inditum]</strong></span> <span class='ocrx_word' id='word_1_174' title='bbox 1084 2938 1161 2976; x_wconf 62' lang='lat' dir='ltr'><strong>omn</strong></span> 
     </span>
     <span class='ocr_line' id='line_1_28' title="bbox 183 2992 1161 3064; baseline 0 -18"><span class='ocrx_word' id='word_1_175' title='bbox 183 2993 337 3062; x_wconf 88' lang='lat' dir='ltr'><strong>piramides</strong></span> <span class='ocrx_word' id='word_1_176' title='bbox 365 2993 392 3046; x_wconf 98' lang='lat' dir='ltr'><strong><em>A</em></strong></span> <span class='ocrx_word' id='word_1_177' title='bbox 501 2994 596 3045; x_wconf 87' lang='lat' dir='ltr'><strong>autam</strong></span> <span class='ocrx_word' id='word_1_178' title='bbox 613 3025 646 3032; x_wconf 97' lang='lat'><em>-</em></span> <span class='ocrx_word' id='word_1_179' title='bbox 660 2993 771 3064; x_wconf 79' lang='lat' dir='ltr'><strong>regum]</strong></span> <span class='ocrx_word' id='word_1_180' title='bbox 798 2993 884 3047; x_wconf 74' lang='lat' dir='ltr'><strong>emb</strong></span> <span class='ocrx_word' id='word_1_181' title='bbox 992 2993 1105 3063; x_wconf 60' lang='lat' dir='ltr'><strong>proprie²</strong></span> <span class='ocrx_word' id='word_1_182' title='bbox 1133 2992 1161 3046; x_wconf 94' lang='lat' dir='ltr'><strong><em>A</em></strong></span> 
     </span>
     <span class='ocr_line' id='line_1_29' title="bbox 184 3062 1161 3135; baseline -0.003 -17"><span class='ocrx_word' id='word_1_183' title='bbox 184 3065 363 3135; x_wconf 71' lang='lat' dir='ltr'><strong>egyptiorum</strong></span> <span class='ocrx_word' id='word_1_184' title='bbox 380 3065 407 3134; x_wconf 84' lang='lat' dir='ltr'><strong>r]</strong></span> <span class='ocrx_word' id='word_1_185' title='bbox 427 3063 614 3132; x_wconf 82' lang='lat' dir='ltr'><strong>aegiptiorum</strong></span> <span class='ocrx_word' id='word_1_186' title='bbox 633 3064 670 3131; x_wconf 71' lang='lat' dir='ltr'><strong>pb</strong></span> <span class='ocrx_word' id='word_1_187' title='bbox 694 3064 863 3134; x_wconf 85' lang='lat' dir='ltr'><strong>egiptiorum</strong></span> <span class='ocrx_word' id='word_1_188' title='bbox 881 3063 943 3116; x_wconf 85' lang='lat' dir='ltr'><strong>AV</strong></span> <span class='ocrx_word' id='word_1_189' title='bbox 957 3062 1125 3132; x_wconf 74' lang='lat' dir='ltr'><strong>aegiptomm</strong></span> <span class='ocrx_word' id='word_1_190' title='bbox 1138 3080 1161 3131; x_wconf 85' lang='lat' dir='ltr'><strong>p</strong></span> 
     </span>
     <span class='ocr_line' id='line_1_30' title="bbox 185 3133 1196 3204; baseline -0.001 -17"><span class='ocrx_word' id='word_1_191' title='bbox 185 3135 314 3203; x_wconf 77' lang='lat' dir='ltr'><strong>sepulcra</strong></span> <span class='ocrx_word' id='word_1_192' title='bbox 333 3137 360 3191; x_wconf 86' lang='lat' dir='ltr'><strong><em>V</em></strong></span> <span class='ocrx_word' id='word_1_193' title='bbox 446 3139 462 3186; x_wconf 88' lang='lat'>8</span> <span class='ocrx_word' id='word_1_194' title='bbox 480 3134 684 3188; x_wconf 89' lang='lat' dir='ltr'><strong>monimentum</strong></span> <span class='ocrx_word' id='word_1_195' title='bbox 702 3156 718 3204; x_wconf 75' lang='lat' dir='ltr'><em>y</em></span> <span class='ocrx_word' id='word_1_196' title='bbox 797 3133 948 3201; x_wconf 84' lang='lat' dir='ltr'><strong>perennius</strong></span> <span class='ocrx_word' id='word_1_197' title='bbox 968 3147 1031 3187; x_wconf 89' lang='lat' dir='ltr'><strong>aere</strong></span> <span class='ocrx_word' id='word_1_198' title='bbox 1046 3133 1080 3204; x_wconf 84' lang='lat' dir='ltr'><strong>p]</strong></span> <span class='ocrx_word' id='word_1_199' title='bbox 1098 3148 1196 3200; x_wconf 88' lang='lat' dir='ltr'><strong>peren·</strong></span> 
     </span>
     <span class='ocr_line' id='line_1_31' title="bbox 183 3203 1162 3276; baseline -0.001 -18"><span class='ocrx_word' id='word_1_200' title='bbox 183 3207 247 3258; x_wconf 91' lang='lat' dir='ltr'><strong>nius</strong></span> <span class='ocrx_word' id='word_1_201' title='bbox 260 3209 291 3259; x_wconf 72' lang='lat' dir='ltr'><strong>e·</strong></span> <span class='ocrx_word' id='word_1_202' title='bbox 303 3208 347 3274; x_wconf 85' lang='lat'><strong>(=</strong></span> <span class='ocrx_word' id='word_1_203' title='bbox 362 3207 414 3273; x_wconf 88' lang='lat' dir='ltr'><strong>est)</strong></span> <span class='ocrx_word' id='word_1_204' title='bbox 430 3203 494 3259; x_wconf 77' lang='lat' dir='ltr'><strong>V&amp;</strong></span> <span class='ocrx_word' id='word_1_205' title='bbox 512 3207 632 3274; x_wconf 78' lang='lat' dir='ltr'><strong>oeteray</strong></span> <span class='ocrx_word' id='word_1_206' title='bbox 652 3205 675 3259; x_wconf 77' lang='lat' dir='ltr'><strong>Aa</strong></span> <span class='ocrx_word' id='word_1_207' title='bbox 694 3207 810 3276; x_wconf 75' lang='lat' dir='ltr'><strong>ceteras·</strong></span> <span class='ocrx_word' id='word_1_208' title='bbox 882 3209 915 3257; x_wconf 78' lang='lat'><strong>12</strong></span> <span class='ocrx_word' id='word_1_209' title='bbox 934 3205 1162 3258; x_wconf 86' lang='lat' dir='ltr'><strong>monimentumr</strong></span> 
     </span>
     <span class='ocr_line' id='line_1_32' title="bbox 185 3274 1195 3346; baseline -0.004 -16"><span class='ocrx_word' id='word_1_210' title='bbox 185 3281 218 3330; x_wconf 78' lang='lat'><strong>15</strong></span> <span class='ocrx_word' id='word_1_211' title='bbox 238 3293 317 3329; x_wconf 84' lang='lat' dir='ltr'><strong>oonr:</strong></span> <span class='ocrx_word' id='word_1_212' title='bbox 336 3276 375 3346; x_wconf 90' lang='lat' dir='ltr'><strong>A]</strong></span> <span class='ocrx_word' id='word_1_213' title='bbox 395 3292 468 3329; x_wconf 88' lang='lat' dir='ltr'><strong>oorr:</strong></span> <span class='ocrx_word' id='word_1_214' title='bbox 488 3282 545 3330; x_wconf 76' lang='lat' dir='ltr'><strong>cett.</strong></span> <span class='ocrx_word' id='word_1_215' title='bbox 651 3282 684 3330; x_wconf 82' lang='lat'><strong>24</strong></span> <span class='ocrx_word' id='word_1_216' title='bbox 702 3291 753 3328; x_wconf 89' lang='lat' dir='ltr'><strong>neo</strong></span> <span class='ocrx_word' id='word_1_217' title='bbox 772 3274 850 3328; x_wconf 89' lang='lat' dir='ltr'><strong>diota</strong></span> <span class='ocrx_word' id='word_1_218' title='bbox 869 3291 920 3328; x_wconf 91' lang='lat' dir='ltr'><strong>sua</strong></span> <span class='ocrx_word' id='word_1_219' title='bbox 937 3277 1081 3329; x_wconf 88' lang='lat' dir='ltr'><strong>uetustate</strong></span> <span class='ocrx_word' id='word_1_220' title='bbox 1100 3289 1151 3327; x_wconf 88' lang='lat' dir='ltr'><strong>nee</strong></span> <span class='ocrx_word' id='word_1_221' title='bbox 1169 3275 1195 3327; x_wconf 87' lang='lat' dir='ltr'><strong>t:</strong></span> 
     </span>
     <span class='ocr_line' id='line_1_33' title="bbox 185 3345 1166 3413; baseline -0.001 -13"><span class='ocrx_word' id='word_1_222' title='bbox 185 3347 233 3400; x_wconf 87' lang='lat' dir='ltr'><strong>ab:</strong></span> <span class='ocrx_word' id='word_1_223' title='bbox 269 3347 336 3399; x_wconf 75' lang='lat' dir='ltr'><strong>Pub</strong></span> <span class='ocrx_word' id='word_1_224' title='bbox 368 3360 420 3399; x_wconf 87' lang='lat' dir='ltr'><strong>neo</strong></span> <span class='ocrx_word' id='word_1_225' title='bbox 452 3345 529 3399; x_wconf 84' lang='lat' dir='ltr'><strong>diota</strong></span> <span class='ocrx_word' id='word_1_226' title='bbox 561 3365 613 3402; x_wconf 88' lang='lat' dir='ltr'><strong>sua</strong></span> <span class='ocrx_word' id='word_1_227' title='bbox 639 3345 854 3413; x_wconf 80' lang='lat' dir='ltr'><strong>tempestatibus</strong></span> <span class='ocrx_word' id='word_1_228' title='bbox 882 3361 934 3399; x_wconf 86' lang='lat' dir='ltr'><strong>neo</strong></span> <span class='ocrx_word' id='word_1_229' title='bbox 961 3348 1022 3400; x_wconf 90' lang='lat' dir='ltr'><strong>uet:</strong></span> <span class='ocrx_word' id='word_1_230' title='bbox 1056 3345 1104 3399; x_wconf 86' lang='lat' dir='ltr'><strong>ab:</strong></span> <span class='ocrx_word' id='word_1_231' title='bbox 1139 3346 1166 3399; x_wconf 91' lang='lat' dir='ltr'><strong><em>V</em></strong></span> 
     </span>
     <span class='ocr_line' id='line_1_34' title="bbox 185 3414 1197 3486; baseline -0.001 -17"><span class='ocrx_word' id='word_1_232' title='bbox 185 3421 219 3469; x_wconf 83' lang='lat'><strong>26</strong></span> <span class='ocrx_word' id='word_1_233' title='bbox 239 3415 322 3469; x_wconf 78' lang='lat' dir='ltr'><strong>laude</strong></span> <span class='ocrx_word' id='word_1_234' title='bbox 341 3415 404 3486; x_wconf 83' lang='lat' dir='ltr'><strong>Ap]</strong></span> <span class='ocrx_word' id='word_1_235' title='bbox 422 3415 507 3471; x_wconf 90' lang='lat' dir='ltr'><strong>laude</strong></span> <span class='ocrx_word' id='word_1_236' title='bbox 526 3420 652 3484; x_wconf 79' lang='lat' dir='ltr'><strong>PubVo;</strong></span> <span class='ocrx_word' id='word_1_237' title='bbox 679 3433 700 3470; x_wconf 85' lang='lat' dir='ltr'><strong>o.</strong></span> <span class='ocrx_word' id='word_1_238' title='bbox 714 3415 753 3468; x_wconf 91' lang='lat' dir='ltr'><strong>III</strong></span> <span class='ocrx_word' id='word_1_239' title='bbox 768 3419 810 3482; x_wconf 84' lang='lat'><strong>19,</strong></span> <span class='ocrx_word' id='word_1_240' title='bbox 826 3421 872 3469; x_wconf 85' lang='lat'><strong>10:</strong></span> <span class='ocrx_word' id='word_1_241' title='bbox 891 3417 922 3468; x_wconf 92' lang='lat' dir='ltr'><strong>in</strong></span> <span class='ocrx_word' id='word_1_242' title='bbox 944 3415 1089 3482; x_wconf 79' lang='lat' dir='ltr'><strong>honorem,</strong></span> <span class='ocrx_word' id='word_1_243' title='bbox 1109 3417 1143 3481; x_wconf 81' lang='lat' dir='ltr'><strong>es.</strong></span> <span class='ocrx_word' id='word_1_244' title='bbox 1158 3414 1197 3468; x_wconf 94' lang='lat' dir='ltr'><strong>III</strong></span> 
     </span>
     <span class='ocr_line' id='line_1_35' title="bbox 186 3487 1159 3566; baseline -0.005 -25"><span class='ocrx_word' id='word_1_245' title='bbox 186 3492 267 3556; x_wconf 73' lang='lat' dir='ltr'><strong>rae.</strong></span> <span class='ocrx_word' id='word_1_246' title='bbox 288 3490 370 3551; x_wconf 65' lang='lat' dir='ltr'><strong>aar.</strong></span> <span class='ocrx_word' id='word_1_247' title='bbox 400 3491 443 3553; x_wconf 77' lang='lat' dir='ltr'><strong>ae,</strong></span> <span class='ocrx_word' id='word_1_248' title='bbox 458 3493 482 3540; x_wconf 82' lang='lat' dir='ltr'><strong>s.</strong></span> <span class='ocrx_word' id='word_1_249' title='bbox 501 3488 591 3555; x_wconf 85' lang='lat'>11111,</span> <span class='ocrx_word' id='word_1_250' title='bbox 607 3493 647 3540; x_wconf 78' lang='lat' dir='ltr'><strong>rs.</strong></span> <span class='ocrx_word' id='word_1_251' title='bbox 675 3488 748 3566; x_wconf 56' lang='lat' dir='ltr'><strong>rja.</strong></span> <span class='ocrx_word' id='word_1_252' title='bbox 769 3492 794 3554; x_wconf 79' lang='lat' dir='ltr'><strong>e,</strong></span> <span class='ocrx_word' id='word_1_253' title='bbox 809 3492 851 3540; x_wconf 83' lang='lat' dir='ltr'><strong>aa.</strong></span> <span class='ocrx_word' id='word_1_254' title='bbox 873 3493 914 3554; x_wconf 81' lang='lat'><strong>15,</strong></span> <span class='ocrx_word' id='word_1_255' title='bbox 930 3491 971 3539; x_wconf 81' lang='lat'><strong>31.</strong></span> <span class='ocrx_word' id='word_1_256' title='bbox 995 3487 1070 3555; x_wconf 75' lang='lat' dir='ltr'><strong>epea</strong></span> <span class='ocrx_word' id='word_1_257' title='bbox 1086 3491 1111 3554; x_wconf 77' lang='lat' dir='ltr'><strong>a,</strong></span> <span class='ocrx_word' id='word_1_258' title='bbox 1126 3490 1159 3537; x_wconf 77' lang='lat' dir='ltr'><strong>aa</strong></span> 
     </span>
     <span class='ocr_line' id='line_1_36' title="bbox 185 3558 522 3625; baseline 0.003 -13"><span class='ocrx_word' id='word_1_259' title='bbox 185 3564 219 3612; x_wconf 77' lang='lat'><strong>26</strong></span> <span class='ocrx_word' id='word_1_260' title='bbox 239 3573 268 3611; x_wconf 87' lang='lat' dir='ltr'><strong>se</strong></span> <span class='ocrx_word' id='word_1_261' title='bbox 287 3572 402 3625; x_wconf 85' lang='lat' dir='ltr'><strong>corpore</strong></span> <span class='ocrx_word' id='word_1_262' title='bbox 420 3558 522 3613; x_wconf 78' lang='lat' dir='ltr'><strong>PaoV</strong></span> 
     </span>
    </p>
   </div>
   <div class='ocr_carea' id='block_1_13' title="bbox 0 0 1336 3918">
    <p class='ocr_par' dir='ltr' id='par_1_13' title="bbox 0 0 1336 3918">
     <span class='ocr_line' id='line_1_37' title="bbox 0 0 1336 3918; baseline 0 0"><span class='ocrx_word' id='word_1_263' title='bbox 0 0 1336 3918; x_wconf 95' lang='lat' dir='ltr'><strong> </strong></span> 
     </span>
    </p>
   </div>
  </div>
 </body>
</html>
