2612 3906
490 286 598 342 GARM.
609 288 622 341 1
637 293 669 342 12
1043 289 1086 354 59

64 451 177 512 Curius
202 458 381 531 paupertate
404 456 500 514 clarus
524 456 560 514 de
583 475 654 534 agro
678 456 716 515 ad
739 458 924 516 consulatum
948 461 1087 517 euocatus

65 545 125 616 est,
159 545 217 618 qui
248 563 412 620 numquam
443 545 575 604 totondit
606 547 767 604 caesariem
796 549 919 622 propter
946 547 1087 605 iniuriam

65 635 261 706 praeturae..
294 631 437 692 Camillus
469 632 506 692 de
538 634 626 693 exilio
657 653 792 694 reuersus
825 636 953 694 uictores
985 633 1087 695 Gallos

64 720 140 779 urbe
167 721 290 798 pepulit
318 725 348 781 et
376 721 414 780 ad
441 723 669 782 internetionem
697 723 817 799 cecidit,
851 725 1007 800 uictorque
1033 743 1087 784 sua

66 813 175 885 sponte
200 811 234 868 in
257 811 379 869 exilium
402 811 491 870 rediit
514 801 601 891 (AF
613 829 702 886 uccp
1124 825 1140 872 0

157 908 221 978 37.
246 911 397 996 scauros]
438 917 560 977 Nobiles
583 917 747 994 Romanos,
770 920 823 994 qui
846 922 876 978 et
899 937 1032 980 censores
1056 921 1086 980 et

66 1005 207 1064 consules
231 1006 353 1065 fuerunt
371 998 556 1087 (AP‘uocp

123 1103 227 1275 Ρῧῖἱι
264 1106 488 1192 raon1o[u]vu]
536 1111 776 1189 contemptorem
817 1113 899 1174 uitae
935 1105 988 1195 (Γ
998 1131 1060 1174 coc
1063 1131 1088 1190 p

67 1215 101 1258 aa
150 1219 187 1260 or
229 1245 237 1260 .

158 1299 221 1368 39.
246 1325 365 1368 caurus
389 1302 519 1388 mamm]
544 1308 607 1368 Aut
630 1309 814 1368 delectabilis
838 1311 891 1368 aut
914 1309 1010 1369 libens
1033 1312 1087 1368 aut
1107 1322 1140 1371 10

67 1397 202 1471 gratiam
224 1398 340 1457 meritis
363 1398 471 1456 debens
495 1390 583 1479 (AF
589 1419 604 1458 o
610 1418 634 1473 p
648 1415 750 1457 cerzac

158 1498 302 1582 cunnus]
342 1503 430 1562 Musa
452 1507 505 1562 aut
527 1508 664 1580 poemate
688 1497 790 1585 (ΑΓα

158 1601 221 1670 41.
253 1608 355 1670 *crdo
384 1613 441 1669 est:
472 1610 551 1669 huno
579 1613 609 1670 et
632 1610 755 1670 Gurium
782 1611 941 1686 incomptis
970 1610 1086 1687 capillis

70 1699 100 1754 et
124 1696 289 1759 Camillum
313 1699 418 1758 utilem
440 1699 518 1759 bello
541 1699 614 1758 tulit
637 1718 727 1760 saeua
748 1703 910 1782 paupertas
935 1703 964 1758 et
987 1700 1086 1760 cuitus

70 1784 180 1846 fundus
205 1807 273 1848 eum
296 1791 368 1864 apto
391 1787 454 1846 lare
477 1779 628 1869 (Fuocp
1107 1800 1139 1849 15

159 1888 364 1972 *Incomptis]
405 1893 524 1970 Inpexis
549 1886 701 1975 (F'oocp

161 1992 222 2063 42.
245 2019 361 2061 vumnu
384 1995 497 2079 nunno]
538 2000 581 2059 Vt
602 1999 740 2061 Lucanus
763 1992 998 2082 (1165.166):

597 2142 736 2202 Fecunda
758 2145 892 2204 uirorum

288 2231 452 2307 Paupertas
476 2223 616 2312 (AF'cp

77 2472 148 2538 199
161 2383 223 2453 43.
269 2408 368 2450 sanun
404 2386 596 2471 ravenaria]
642 2385 781 2472 [Magna]
818 2394 852 2450 ut
888 2384 992 2474 (Vero.
1012 2391 1087 2451 Acn.
1105 2405 1139 2453 20

151 2471 164 2560 )
208 2585 322 2646 Saeuus
345 2588 397 2647 ubi
419 2587 568 2648 Aeacidae
590 2588 651 2646 telo
674 2589 752 2646 iacet
773 2585 885 2648 Hector
908 2579 995 2670 (Ar
1004 2605 1047 2662 cp

163 2720 223 2789 44.
261 2746 370 2788 avmvs
402 2746 482 2788 nano
516 2747 577 2788 cvu
609 2746 689 2787 aaran
721 2724 856 2809 ramnus]
903 2729 1086 2790 Conueniens

81 2809 183 2877 fundus
207 2818 311 2878 domus
334 2819 476 2877 tenuitati
499 2809 588 2898 (ΑΓ
601 2815 706 2877 corasss‘c

164 2916 223 2986 45.
262 2942 390 2984 cuasam
422 2941 562 2983 occvnro
590 2943 690 2983 vnnvr
718 2941 821 2984 Annon
847 2919 943 3004 navo]
989 2926 1086 2986 Incre-
1105 2937 1139 2987 20

83 3015 177 3072 menta
200 3015 279 3073 enim
302 3014 453 3087 arborum,
476 3013 535 3071 nisi
557 3017 753 3090 posteaquam
776 3014 936 3089 creuerint,
959 3031 1019 3075 non
1042 3015 1086 3074 ui·

85 3091 183 3160 dentur
205 3095 293 3184 (Ar
302 3121 326 3176 p
340 3119 445 3161 coner

164 3199 223 3270 46.
241 3226 326 3266 naun
344 3201 515 3287 maronam]
539 3208 714 3268 Marcellum
728 3205 872 3268 Octauiae
891 3209 965 3270 dicit
982 3210 1088 3287 fliium,

91 3502 97 3516 ,
166 3449 373 3504 loonsolatum
388 3450 416 3503 A
488 3447 734 3504 tintemetionem
748 3449 786 3522 A]
802 3449 1013 3505 internitionem
1026 3469 1088 3522 γορ
1131 3504 1134 3509 ,

91 3511 570 3590 11{ierneeionemrintemicicnem
587 3537 626 3574 occ
724 3521 827 3575 cecidit
844 3523 873 3576 A
988 3528 1088 3591 epro-

92 3575 193 3651 dlacuum
211 3595 247 3658 A,
265 3599 333 3648 recto
350 3609 388 3661 cp
470 3595 503 3644 10
522 3590 641 3660 impexis
660 3609 720 3661 vop
791 3598 826 3646 20
844 3607 948 3662 magna
967 3592 1015 3663 cp]
1035 3609 1086 3647 om.

92 3659 139 3710 aaa,
211 3669 244 3716 22
264 3679 346 3718 eeuue
365 3664 392 3717 A
465 3677 498 3716 ea
517 3661 580 3716 cide
597 3664 625 3717 A
