2612 3906
503 235 627 292 EXPOS.
642 234 752 290 Maus.

282 406 371 465 Nunc
392 409 437 466 esi
458 405 618 465 bibendum
639 422 718 463 nunc
739 403 814 480 pede
836 404 930 463 libero

283 495 400 554 Motum
423 515 458 554 ex
479 495 600 554 Metello
623 494 743 553 consule
766 495 894 552 ciuicam

283 583 420 660 Aequam
441 586 588 642 memento
609 583 697 642 rebus
719 584 752 640 in
777 581 878 640 arduis

284 673 424 732 Nondum
446 672 569 732 subacta
590 671 666 736 ferre
688 674 793 747 iugum
815 671 898 729 uslei
1120 697 1121 714 2

286 760 311 820 O
334 756 463 839 s<a>epe
484 779 601 820 mecum
622 763 741 835 tempus
763 761 796 817 in
818 761 959 818 ullimum
1033 785 1036 811 ι
1065 781 1067 786 v

284 851 353 910 Non
375 868 490 926 semper
511 848 620 908 imbres
642 847 770 908 nubibus
792 848 927 924 hispidus
950 867 953 876 ¹
1120 895 1122 900 .

286 937 363 1008 Quid
385 939 543 998 bellicosus
566 937 714 996 Cantaber
737 940 790 996 aut
812 936 936 1014 Scythes
1013 981 1015 986 .
1120 945 1123 985 ἱ

285 1028 341 1086 Ille
364 1031 394 1087 ei
416 1028 531 1086 nefasto
554 1030 585 1084 is
607 1029 707 1103 posuit
729 1027 777 1085 dic

285 1117 368 1176 Eheu
391 1117 511 1194 fugaces
534 1115 673 1175 Postume
695 1116 835 1174 Postume

286 1205 346 1265 Gur
367 1225 414 1264 me
437 1205 576 1281 querellis
600 1207 750 1263 exanimas
772 1207 833 1264 buis

285 1295 435 1354 Bacchum
456 1296 490 1354 iu
509 1296 632 1354 remotis
656 1295 787 1352 carmina
808 1292 932 1369 rupibus
991 1339 992 1344 1

199 1393 201 1398 '
285 1383 353 1443 Non
376 1385 489 1442 usitata
511 1401 566 1442 uec
587 1385 671 1441 tenui
696 1382 775 1440 ferar

287 1470 345 1531 Odi
367 1472 525 1548 profanum
548 1472 656 1548 uulgus
679 1472 711 1529 eb
732 1488 817 1528 arceo

286 1560 453 1638 Angustam
477 1562 569 1619 amice
591 1560 765 1636 pauperiem
787 1561 853 1634 pati

286 1648 402 1709 Iusium
425 1653 455 1708 ei
477 1651 612 1708 tenacem
633 1649 779 1724 propositi
802 1649 901 1706 uirum

266 1737 437 1797 'Descende
461 1738 542 1796 caelo
566 1737 666 1796 sidio
689 1756 743 1814 age
765 1735 841 1795 libia

268 1826 376 1918 ‘Caelo
399 1830 553 1886 tonantem
575 1826 752 1886 credidimus
773 1825 877 1885 Iouem

288 1917 405 1975 Delicta
426 1917 573 1976 maiouim
595 1917 751 1974 inmeritus
773 1916 837 1974 lues

288 2004 497 2064 Aeli'uehisbo
519 2004 628 2063 nobilis
652 2004 689 2062 sb
708 2002 801 2062 Lamo

289 2091 314 2152 Ο
338 2096 409 2153 nata
431 2113 547 2152 mecum
569 2093 687 2152 consule
707 2091 820 2153 Manlio

290 2181 378 2241 Gaelo
402 2184 523 2258 supinas
546 2184 572 2241 si
593 2182 698 2241 tuleris
721 2200 827 2240 manus

289 2267 381 2348 <Vixi
402 2271 509 2347 puellis
531 2289 626 2346 nuper
647 2267 793 2343 idoneus>

290 2361 423 2436 Tyrrena
444 2379 548 2436 regum
569 2361 725 2436 progenies
747 2358 805 2418 ubi

290 2447 413 2518 Qualem
436 2450 606 2506 ministrum
628 2449 762 2506 fulminis
786 2447 889 2506 alitem

290 2538 335 2596 Ne
357 2537 434 2597 forie
457 2537 559 2596 credas
580 2539 740 2596 interitura
764 2555 839 2611 quae

291 2624 371 2694 Quae
394 2645 466 2685 cura
488 2629 608 2702 patrum
631 2644 744 2702 quaeue
767 2624 931 2693 Quiritium

291 2715 425 2774 Phoebus
447 2716 597 2775 uolentem
618 2715 732 2792 proelia
754 2733 801 2772 me
824 2715 914 2790 loqui.

220 2804 342 2862 Decima
370 2796 434 2887 ᾠδή
456 2805 624 2864 monocolos
648 2807 705 2862 est:
736 2803 828 2862 habet
851 2806 930 2862 enim
952 2820 1070 2861 uersum
1094 2803 1143 2860 oui

129 2892 363 2954 choriambicum
387 2912 494 2952 nomen
517 2895 575 2972 esi,
605 2895 656 2967 qui
680 2894 797 2951 constat
820 2912 854 2950 ex
877 2892 1019 2969 spondeo,
1046 2891 1142 2948 tribus

129 2981 311 3043 choriambis
344 2984 375 3040 eb
400 2983 558 3057 pyrrichio.
608 2981 713 3040 Viiiur
740 2984 840 3040 autem
866 2981 922 3039 hac
948 2981 1037 3038 moiri
1064 2998 1141 3038 com·
1161 2993 1195 3041 30

127 3072 282 3148 positione
304 3072 350 3128 ier
372 3073 499 3146 tantum,
520 3073 578 3130 iba:

200 3160 246 3217 Tu
263 3179 300 3217 ne
319 3153 522 3237 qu<a>esieris
541 3162 615 3220 scire
634 3160 717 3218 nefas
736 3178 825 3236 quem
842 3159 916 3216 mihi
936 3177 1023 3233 quem
1040 3157 1099 3217 bibi

199 3248 322 3306 Nullam
344 3248 423 3307 Vere
446 3267 530 3308 sacra
552 3251 615 3307 uibe
637 3249 719 3324 prius
743 3250 852 3307 seueris
876 3247 1010 3306 arborem

129 3389 132 3400 .
201 3335 226 3395 Ο
250 3337 377 3396 crudelis
400 3337 495 3396 adhuc
518 3341 548 3396 et
569 3338 694 3396 Veneris
717 3337 887 3396 muneribus
909 3339 1022 3412 poiens.

224 3476 239 3523 6
259 3470 387 3540 hispidus
408 3472 447 3539 Γ]
465 3487 515 3526 om.
529 3487 551 3537 c,
571 3471 698 3540 hispidos
716 3471 786 3526 Hor.
902 3475 916 3522 7
936 3473 985 3523 aui
1004 3471 1096 3536 scytes
1113 3469 1144 3537 ᾖ

131 3545 184 3598 aut
202 3543 326 3611 scytcsy
345 3546 393 3597 aab
408 3542 494 3597 sithen
509 3548 552 3595 ul
567 3559 646 3597 crac
700 3548 734 3596 28
750 3543 825 3596 ωΔΕ
841 3542 880 3611 yf
894 3541 975 3594 odeo
1030 3545 1063 3592 30
1077 3555 1143 3607 pyr-

130 3613 225 3668 richio
242 3629 258 3666 c
275 3613 395 3684 Seruios]
414 3612 548 3682 pirrichio
567 3613 622 3683 yfj
640 3631 689 3668 om.
705 3635 723 3666 α
