2612 3906
170 224 215 286 40
504 219 693 276 EXPOSITIO
711 219 751 272 IN
768 219 852 274 HOld.

262 382 320 449 19.
349 405 510 447 causamve
542 381 649 466 vnum]
691 387 800 446 Amore
832 388 932 460 uacui,
963 387 1019 446 hoc
1052 391 1098 446 ast
1125 408 1195 447 non

172 482 305 538 amantes
329 478 359 536 et
382 477 476 534 securi
500 470 587 558 (AF
598 468 686 558 (νον)
697 494 712 533 o
715 495 739 550 p

260 563 353 624 *Sine
377 564 449 640 quid
471 566 586 623 urimur
609 557 694 645 (cp)]
717 565 800 624 Idest
823 564 937 640 aliquid
960 582 1107 639 amamus3
1133 566 1193 639 qui

172 657 250 714 enim
273 657 364 729 amat,
386 655 484 712 uritur
507 646 559 734 (Γ
570 645 658 734 (νον)
674 670 717 726 cp

136 755 151 802 5
261 760 329 802 s1vn
361 760 435 808 cvm
468 761 585 802 vnmva
616 759 678 800 nou
710 759 851 800 aninumr
883 757 906 798 a.
926 735 968 818 a]
1015 739 1074 798 Seu
1106 741 1191 799 forte

171 834 318 906 amantes,
345 835 376 889 et
398 831 529 890 ostendit
551 831 632 889 omui
655 848 685 890 se
707 831 853 905 tempore,
881 848 934 888 seu
957 832 1108 888 amantem
1130 847 1191 888 seu

170 939 230 978 non
253 923 411 994 amantem,
433 920 465 978 id
488 919 580 980 studii
601 919 710 978 habero
734 911 820 999 (ΑΓ
831 909 919 999 (νον)
935 935 978 990 cp

259 1006 361 1068 *Ordo
394 1011 451 1067 est:
489 1009 551 1067 siue
583 1026 643 1067 non
674 1001 834 1086 pKa>cter
862 1006 983 1066 solitum
1005 1006 1086 1064 lcues
1110 1007 1189 1081 quid

170 1097 284 1154 urimur
308 1089 411 1177 (coep

118 1196 151 1244 10
261 1178 319 1245 20.
343 1185 432 1243 *Non
451 1185 529 1243 enim
546 1185 665 1260 practer
683 1184 804 1243 solitum
822 1184 897 1242 leuis
916 1186 961 1242 est
980 1177 1047 1261 [qui
1061 1178 1186 1260 uritur],

170 1273 241 1331 dum
264 1275 345 1333 omni
367 1277 500 1350 tempore
523 1275 562 1332 sit
584 1275 755 1333 inconstans
778 1267 816 1330 Γ
827 1263 1033 1353 (ruv)ococs.
1044 1289 1068 1344 p

258 1357 369 1441 nevas]
405 1362 459 1422 Nil
482 1363 666 1421 constantiae
688 1361 809 1435 habens,
833 1379 909 1436 quae
933 1361 978 1418 ost
1001 1359 1185 1419 consuetudo

171 1453 352 1512 amatoribus
377 1444 463 1532 (ΑΓ
474 1442 564 1532 (νον)
578 1468 654 1510 oona.
668 1467 710 1524 cp

568 1659 781 1667 —-—

582 1819 699 1878 OARM.
718 1821 734 1879 Ι
754 1823 771 1878 7

118 1990 150 2039 15
432 1974 488 2057 [nu
512 1997 672 2038 uvueuwu
695 1997 839 2038 nnuucvu
863 1971 918 2060 (A]

257 2138 385 2178 omuavu
416 2137 587 2180 unnomvu:
619 2139 730 2180 ramus
763 2138 877 2182 vnasvs
911 2140 1077 2179 nxnunnna
1110 2139 1180 2196 nsn3

170 2226 304 2275 snovnua
327 2227 408 2268 vano
428 2227 634 2267 unuanununa
652 2227 708 2267 asu
727 2229 766 2267 nn
785 2227 950 2269 nunmscvs
970 2228 1180 2285 muccunava,

169 2316 208 2355 no
232 2316 315 2363 evou
338 2317 379 2356 nx
401 2317 448 2356 nu
470 2315 599 2358 unumve
619 2316 741 2358 vannus
762 2316 899 2356 cousunn
917 2316 1032 2357 vnusvs
1052 2317 1180 2357 anacim

171 2379 258 2468 (Ανν
272 2405 348 2446 cous.
362 2405 405 2461 cp

116 2487 150 2534 20
261 2468 293 2535 1.
317 2493 501 2535 nevunnvnu
519 2493 583 2533 Anu
602 2493 726 2534 canaan
743 2469 884 2554 anonon]
907 2475 1077 2535 Munatium
1090 2475 1178 2534 Plan·

169 2582 236 2621 cum
269 2563 433 2637 alloquitur
460 2565 644 2623 consularem
670 2565 770 2623 uirum
798 2564 952 2622 Tiburtem
978 2564 1117 2640 oriundo,
1148 2567 1177 2623 in

170 2654 252 2711 cuius
279 2653 408 2730 gratiam
435 2652 521 2726 dicit,
549 2671 617 2710 oum
645 2653 769 2712 diuersis
797 2655 894 2728 poetis
918 2653 1049 2712 studium
1072 2654 1112 2712 sit
1136 2653 1177 2711 di-

169 2759 269 2799 uersas
296 2740 408 2798 insulas
436 2740 603 2816 oppidaque
632 2744 778 2800 certorum
805 2743 962 2800 numinum
984 2745 1083 2819 gratia
1106 2743 1179 2801 celc-

168 2829 254 2888 brare
278 2829 470 2903 carminibuS‚
502 2828 560 2888 sibi
583 2825 851 2907 †Tibu1temesse
874 2831 1069 2904 laudandam,
1097 2833 1179 2890 ouius

258 3021 273 3068 3
293 3016 377 3086 idest]
398 3033 446 3070 om.
462 3033 496 3070 νο
587 3021 603 3068 8
623 3016 683 3069 siue
702 3017 753 3087 αν]
775 3033 823 3070 seu
839 3034 877 3086 cp
968 3023 1000 3071 10
1021 3017 1070 3086 qui
1088 3017 1179 3072 uritur

168 3105 230 3142 ναν
244 3103 293 3140 om.
308 3105 346 3155 ep
418 3092 450 3140 12
470 3085 576 3139 habens
590 3087 628 3157 A]
648 3087 784 3141 habentes
803 3093 859 3142 cett.
934 3093 966 3141 17
980 3088 1058 3158 uero]
1074 3091 1104 3142 ct
1116 3090 1144 3141 A

168 3156 295 3210 falliecue
313 3157 371 3226 Ao]
395 3155 511 3211 faliscus
530 3175 545 3212 ν
567 3157 683 3212 falsicus
702 3179 719 3212 ν
737 3159 879 3228 phaliscus
894 3176 930 3227 p,
955 3161 1070 3215 scribere
1088 3160 1179 3214 debuit

168 3226 335 3281 Phalaecius
407 3228 549 3296 apellatur
566 3230 594 3283 A
675 3236 707 3283 21
728 3229 863 3285 tiburtem
881 3231 962 3300 Aue]
982 3230 1126 3298 tyburtem
1143 3249 1177 3284 νο

169 3299 275 3354 tiburte
293 3319 309 3352 ν
311 3316 333 3366 p
369 3298 487 3352 oriundo
502 3300 624 3369 Areoc]
645 3301 793 3354 oriundum
812 3318 860 3369 cp,
880 3301 914 3366 of.
925 3303 1005 3355 ocbol.
1020 3303 1130 3366 e.127‚
1144 3306 1176 3354 11

204 3375 237 3421 22
262 3369 384 3438 gratiam
405 3369 508 3438 Arop]
533 3370 626 3436 gratia
649 3387 709 3424 cve
780 3376 814 3422 24
837 3371 972 3424 tiburtem
994 3373 1070 3424 codd.
1093 3370 1177 3423 Tibur

169 3441 230 3494 edit.
250 3446 302 3492 aet.
322 3437 468 3490 Tiburtem
486 3439 632 3491 ciuitatem
649 3441 708 3491 ciue
725 3440 868 3508 regionem
886 3439 1016 3492 chtbul
1034 3440 1176 3492 Tiburtem

168 3509 266 3563 urbem
279 3509 373 3576 Pauly
443 3506 616 3560 laudandam
634 3509 744 3576 ναονν]
764 3509 879 3560 laudam
892 3507 920 3559 A
937 3505 1112 3560 laudandum
1121 3526 1143 3575 p

169 3581 247 3634 cuius
262 3611 295 3618 —
310 3576 466 3644 telamonii]
487 3593 536 3630 om.
552 3596 569 3628 ν
