2650 3920
211 193 276 258 160
541 191 730 248 EXPOSITIO
749 193 787 246 IN
806 192 890 247 ΗΘΒ.

299 355 357 422 20.
399 377 489 420 cama
521 380 584 419 anu
616 355 659 439 n]
706 361 793 420 Vasis
825 360 949 420 uinariis
977 361 1015 420 ad
1043 363 1106 421 eius
1136 366 1227 439 quasi

208 452 336 510 reditum
358 451 526 524 reseruatis,
549 454 583 508 ut
606 442 948 532 (Ver9.Aen.1195):

341 573 421 632 Vina
442 573 536 632 bonus
561 574 764 650 quaedeinde
788 574 868 634 cadis
892 577 1030 634 onerarat
1051 573 1177 635 Acestes

172 655 223 812 a(
297 743 357 811 2l.
399 768 560 811 onnmoso
587 746 732 830 Massico]
777 751 843 810 Hoc
866 753 911 810 cst
932 753 1018 827 uino,
1048 771 1106 828 quo
1131 771 1222 812 curae

207 840 359 917 pelluntur
377 843 408 899 et
425 840 509 900 labor
526 842 558 898 in
577 841 755 900 obliuionem
775 842 859 898 uenit
878 832 955 920 (sim.
969 834 1098 922 Pouet).
1140 841 1221 900 Mus·

208 930 301 988 sicum
323 949 393 988 uero
416 949 470 1004 pro
494 927 645 1004 Campano
667 930 769 1005 posuit
793 921 906 1010 (APV

298 1010 356 1079 22.
395 1034 518 1076 cinonm
545 1011 657 1095 axona]
699 1017 762 1076 Aut
784 1017 987 1076 Alexandrina
1008 1037 1110 1094 poma,
1142 1037 1221 1093 quae
1291 1011 1292 1022 ³

206 1107 317 1166 habent
344 1107 454 1166 similia
483 1107 635 1166 colocasiis
662 1106 750 1182 folia,
781 1109 813 1165 in
841 1125 967 1182 quorum
990 1106 1221 1166 similitudinem

155 1209 189 1258 10
207 1197 289 1255 facta
314 1197 422 1273 pocula
449 1195 550 1255 eodem
577 1196 695 1254 nomine
720 1196 909 1272 appellantur
933 1188 981 1276 (ec
1002 1187 1138 1276 Ponat),
1167 1199 1223 1255 aut

207 1289 286 1346 certe
315 1305 369 1362 pro
398 1285 470 1344 cibis
498 1285 611 1361 posuit,
642 1287 796 1361 tamquam
825 1284 922 1343 cibum
949 1285 1063 1359 poculis
1092 1303 1221 1362 conpen·
1292 1317 1293 1378 t

208 1378 287 1436 saret
311 1367 426 1456 (AI'V
1292 1389 1293 1404 ³

295 1481 397 1524 nvunn
430 1479 579 1521 curacrvs
605 1481 633 1522 v.
653 1481 683 1520 n.
703 1456 743 1540 a]
800 1463 864 1521 Hoc
897 1467 954 1522 est:
990 1463 1103 1539 largius
1136 1466 1222 1522 utere

207 1553 345 1612 odoribus
370 1545 449 1634 (ΑΓ
455 1552 483 1611 V

155 1656 188 1704 15
297 1633 355 1702 23.
396 1641 441 1700 De
465 1640 582 1698 conchis
606 1631 679 1720 (V)]
726 1639 846 1700 Echinia
880 1632 1086 1720 [concharum]
1115 1631 1219 1720 (erp

297 1727 422 1788 (lonchis
446 1728 617 1786 echinorum
640 1719 672 1808 (γ
1293 1758 1294 1785 r

295 1833 363 1883 oms
390 1810 467 1894 uno]
510 1810 613 1884 ‘Quis'
636 1817 885 1895 interrogatiuum
911 1821 968 1893 est,
1000 1817 1052 1878 sed
1074 1835 1142 1876 cum
1165 1836 1216 1875 ex-

205 1906 374 1964 hortatione
401 1905 516 1964 dicitur.
564 1898 660 1963 ‘Vdo'
689 1924 759 1964 uero
787 1906 854 1980 apio
878 1907 980 1982 uiridi,
1007 1906 1055 1965 uel
1079 1906 1160 1981 quod
1183 1907 1217 1964 in

205 1996 278 2054 locis
310 1995 428 2069 aquosis
459 1995 592 2052 nascitur
624 1984 672 2073 (ec
703 1985 832 2073 Porci).
893 1994 1007 2055 Corona
1039 1995 1118 2053 enim
1151 1997 1217 2070 apii

152 2099 187 2148 20
206 2085 379 2144 ebrietatem
401 2080 510 2140 dicitur
531 2079 694 2158 prohibere,
717 2084 752 2141 ut
774 2086 818 2141 est
842 2075 944 2164 (Vero.
963 2083 1010 2143 cci.
1031 2083 1060 2157 6,
1079 2074 1136 2162 68)
1144 2099 1155 2141 :·

338 2207 437 2283 Atque
459 2207 528 2283 apio
552 2206 640 2265 crinis
663 2208 784 2265 ornatus
808 2225 909 2266 amaro
933 2199 1011 2287 (ΑΓ
1018 2208 1046 2266 V

295 2343 353 2411 24.
389 2341 626 2426 nunnonnnunn]
667 2348 854 2407 Festinanter
877 2349 980 2409 afferre
1005 2341 1084 2430 (AF

296 2432 353 2500 25.
377 2457 461 2505 evan
483 2455 581 2498 vnuvs
603 2456 760 2496 nummum
782 2456 811 2496 n.
831 2431 874 2517 n]
896 2437 1103 2514 Archiposiam
1116 2439 1218 2516 signi·

205 2530 276 2588 ficat
307 2531 337 2586 et
367 2531 545 2587 tesserarum
575 2527 656 2585 iactu
688 2526 791 2586 datum
822 2528 854 2584 in
885 2524 1011 2586 bibendo
1040 2527 1220 2602 primatum.

152 2633 186 2680 25
205 2617 349 2676 Venerius
376 2619 476 2674 autem
501 2617 597 2674 iactus
620 2615 783 2675 latissimus
810 2614 976 2690 dicebatur,
1005 2617 1057 2691 qui
1083 2614 1220 2677 habebat

206 2707 397 2767 tricenarium
419 2723 574 2763 numerum
597 2695 676 2784 (ΑΓ
682 2705 710 2764 V
724 2721 800 2762 coos.
818 2704 923 2776 Porpb.

295 2788 371 2856 26.·
390 2811 452 2852 nou
474 2810 535 2852 aco
559 2787 679 2871 saurus]
719 2793 787 2851 Non
810 2791 904 2850 leuius
928 2783 995 2872 (Ay

295 2877 353 2946 27.
376 2876 514 2960 nocuus]
556 2882 718 2940 Thracibus
741 2880 866 2940 Bacchis
890 2878 1004 2957 (AFV

296 2966 353 3036 28.
377 2966 511 3050 omnen]
539 2970 602 3029 Aut
616 2971 729 3029 ebrium
744 2988 805 3029 esse
820 2972 873 3028 aut
886 2971 963 3028 certe
978 2967 1088 3028 saltare
1104 2960 1218 3048 (AI'V

295 3166 311 3214 3
330 3161 448 3232 acestes]
467 3177 517 3214 om.
533 3160 561 3214 A
656 3161 672 3210 5
692 3172 756 3210 cure
775 3157 803 3210 A
897 3159 929 3208 13
949 3152 1080 3223 capacius
1099 3155 1128 3208 A
1145 3172 1216 3213 corr.

205 3240 237 3288 ut
254 3232 345 3287 uiriV
359 3231 510 3300 capacibus
529 3231 557 3284 A
571 3247 614 3299 pr.
710 3233 742 3282 lo
762 3225 940 3296 concharum]
959 3225 1072 3280 occinuit
1091 3225 1128 3279 K.
1150 3244 1217 3281 con-

206 3319 329 3372 carump
384 3307 416 3356 17
428 3305 495 3371 sety
550 3308 581 3355 21
593 3298 744 3370 crinisAc]
755 3297 844 3352 crines
854 3297 927 3364 We
981 3295 1218 3365 23archip0siam

206 3375 307 3446 Pch]
329 3374 497 3442 arciposiam
520 3374 547 3428 A
579 3370 756 3440 archiposian
779 3368 879 3437 Porpb.
988 3370 1021 3418 24
1044 3367 1217 3424 tesserarum

208 3447 283 3516 Pop]
304 3449 444 3499 cessererr’r
462 3446 491 3498 A
509 3446 617 3498 teesmri
639 3443 666 3496 V
