2612 3906
496 286 619 342 EXPOS.
634 285 744 342 Music.
1105 287 1126 353 5

109 459 239 532 dicitur,
267 455 377 516 ductile
405 460 436 516 et
457 455 586 533 spondeo
608 456 733 533 pedibus
756 458 946 531 terminatum,
973 458 1126 532 utiturque

108 548 171 606 hau
198 547 287 605 metui
309 547 522 622 compositione
544 545 588 603 Vl
611 547 642 604 et
662 545 718 603 XX
740 545 890 621 euntibus,
917 565 1044 622 quorum
1065 547 1126 621 pri·

109 635 231 695 mordis
253 633 424 694 subnotuni:

274 741 339 801 Iam
363 743 435 801 sutis
458 741 545 799 terris
568 741 646 800 niuis
670 743 761 816 utque
784 740 867 800 dirae

274 830 403 889 Mercuri
425 829 550 890 facunde
573 847 664 906 nepos
686 829 820 888 Atlantis

275 917 369 987 Quem
390 919 490 977 uirum
512 922 565 977 sut
586 918 677 977 heroe
699 918 766 994 lym
788 919 838 977 uel
861 921 923 978 neni

275 1008 343 1067 Vile
366 1008 485 1084 potabis
507 1007 631 1066 modicis
654 1005 799 1066 Sabinum

275 1097 393 1174 integer
414 1100 495 1156 uitae
518 1096 693 1171 scelerisque
715 1115 807 1173 purus

275 1185 396 1245 Parcius
422 1188 539 1244 iunctus
562 1186 703 1260 quatiunt
725 1186 869 1244 fenestras

276 1272 300 1333 Ο
323 1274 424 1334 Venus
447 1274 550 1352 regina
573 1273 661 1333 cnidi
683 1273 837 1350 Paphique

275 1363 426 1422 Posuimus
449 1363 548 1439 siquid
569 1365 658 1422 necui
680 1363 734 1421 sub
757 1364 863 1422 umbre

276 1452 409 1512 Persicos
433 1452 483 1510 odi
504 1469 579 1527 puer
601 1454 764 1527 apparatus

275 1541 384 1600 Nullus
408 1544 531 1619 urgento
555 1540 635 1599 color
658 1542 703 1598 est
726 1541 825 1598 nuans

275 1630 320 1690 Ne
343 1629 383 1689 sit
405 1630 531 1689 enoillue
554 1628 611 1687 tibi
634 1647 718 1688 umor
738 1627 846 1705 pudori

276 1718 401 1795 Septimi
425 1717 521 1778 (indes
545 1716 661 1777 edituus
683 1735 799 1776 mecum

275 1806 347 1867 Vllu
369 1810 394 1867 si
416 1808 490 1866 imis
513 1806 570 1866 tibi
592 1807 734 1883 perieruti

275 1897 395 1956 Rectius
419 1897 503 1956 niues
526 1895 625 1955 Licini
647 1915 742 1971 neque
766 1895 859 1954 ultum

276 1983 378 2044 Otium
401 1985 486 2044 diuos
508 1989 597 2062 roget
618 1987 651 2042 in
674 1987 791 2061 petenti

275 2073 392 2133 Martiis
416 2073 511 2134 celebs
535 2074 607 2150 quid
629 2093 718 2152 egum
740 2073 883 2132 Kalendis

274 2163 401 2222 Mercuri
423 2182 494 2221 nem
516 2165 546 2222 te
569 2162 673 2222 docilis
696 2164 872 2239 magistrum

275 2251 412 2311 Herculis
434 2252 496 2310 ritu
517 2252 604 2312 modo
628 2250 724 2310 dictus
748 2270 765 2309 0
788 2249 871 2326 plebs

275 2340 378 2400 Fauno
400 2340 609 2417 Nympharum
631 2341 800 2417 fugientum
822 2343 939 2398 ametor

275 2429 343 2488 Non
366 2429 450 2488 uides
473 2433 586 2506 quunto
609 2447 729 2488 moneas
752 2429 862 2504 periclo

276 2517 423 2576 Montium
446 2522 543 2578 custos
567 2519 754 2594 nemorisque
776 2519 862 2594 uirgo

277 2606 388 2683 Impius
411 2625 516 2682 punse
538 2607 696 2666 recinentis
719 2625 805 2665 omen

278 2695 438 2755 Pindarum
461 2697 595 2772 quisquis
618 2695 717 2754 studet
739 2689 929 2772 <e>emuluri

277 2785 354 2843 Dine
377 2804 465 2860 quem
486 2785 585 2861 proles
607 2783 723 2843 Niobes
745 2799 871 2860 magnae

277 2873 333 2932 Est
353 2873 427 2931 mihi
450 2893 561 2934 nonum
584 2874 752 2948 superantis
776 2891 887 2932 annum

277 2961 393 3021 Phoebe
417 2963 617 3038 siluerumqne
640 2964 745 3037 potens
769 2961 874 3020 Diuus.

206 3085 308 3144 Tertia
340 3076 403 3170 ᾠδή
436 3086 545 3146 dicolos
574 3089 619 3144 est
646 3085 828 3161 distrophos,
859 3085 915 3142 hoe
942 3089 988 3144 est
1017 3085 1128 3162 duplici
1148 3095 1181 3142 30

118 3195 224 3254 genere
248 3175 336 3232 metii
359 3176 483 3251 scriptu,
511 3174 678 3234 asecundo
701 3175 781 3234 fucta
804 3174 1004 3250 replicatione.
1050 3174 1128 3233 Nam

116 3265 199 3340 prior
222 3281 334 3338 uersus,
359 3265 406 3322 oui
425 3261 592 3324 Glieonium
610 3281 718 3322 nomen
735 3265 832 3339 datur,
856 3266 973 3322 constet
991 3264 1128 3338 spondeo,

206 3449 359 3503 dutlentis
385 3451 420 3519 lj
447 3450 571 3522 Seruius]
600 3450 673 3504 othl:
697 3471 737 3521 yn
760 3467 840 3505 oenc
948 3457 981 3504 10
1000 3450 1077 3503 cnidi
1094 3452 1129 3518 fp'

119 3520 242 3590 Seruius]
262 3520 342 3590 guidi
360 3541 401 3590 γα
420 3538 499 3575 onec
571 3528 602 3576 11
622 3522 763 3591 poscimur
780 3523 798 3588 f
864 3521 999 3591 umbrcp]
1015 3522 1129 3575 umbros

120 3595 159 3648 Pe
247 3598 279 3645 16
298 3591 461 3662 perieratij
479 3600 542 3647 aute
560 3594 626 3663 ras]
645 3593 735 3664 pienti
753 3613 769 3662 y
787 3593 906 3662 peierati
925 3597 966 3659 nt·
980 3592 1094 3646 Seruius

121 3667 151 3715 29
170 3661 263 3734 phebe
281 3683 306 3732 y,
324 3669 392 3718 recte
404 3665 431 3732 j,
448 3671 505 3720 cett.
524 3663 615 3734 phebe
688 3670 721 3719 30
741 3665 816 3718 ωΔΘ
836 3663 874 3733 yf
888 3663 941 3716 ode
959 3682 978 3714 α
