2612 3906
213 229 255 294 70
542 226 731 282 EXPOSITIO
750 227 790 280 IN
809 228 892 283 HOR.

301 390 359 458 25.
383 395 475 456 *Siue
498 416 572 474 opus
595 401 640 456 est
661 399 833 472 imperitare
852 399 936 473 equis
955 389 1020 479 (2)]
1057 398 1114 456 Est
1132 399 1230 457 etiam

211 487 335 564 insignis
359 485 488 545 domitor
510 506 653 562 equorum
675 478 764 566 (Pop

300 585 358 653 26.
388 610 450 657 nen
473 610 588 652 avinne
610 587 716 671 menn]
758 592 873 671 Auriga
895 593 1048 652 Diomedia
1070 593 1143 668 fuit,
1176 597 1229 670 qni

210 700 316 758 eorpus
343 681 475 741 Patroeli
503 702 570 742 cum
597 682 688 741 Aiace
716 685 746 740 et
772 681 932 741 Antiloeho
960 682 1102 741 liberauit
1124 675 1229 764 (Asa

175 781 285 830 icona
299 789 343 845 cp
1276 799 1277 802 ¹

300 870 355 936 28.
392 895 471 936 acon
499 897 590 936 nvmn
617 896 656 935 nn
684 896 834 935 aapnama
862 894 965 936 annox
988 871 1136 955 emmas]
1187 879 1227 936 Et

209 967 265 1026 hoe
283 967 408 1026 inertiae
427 966 543 1025 Paridis
562 966 700 1043 adsignat
718 969 834 1024 tantam
851 986 966 1024 moram
986 985 1056 1041 esse,
1076 970 1225 1042 quantam

210 1076 278 1115 eum
300 1056 411 1115 faceret
432 1057 569 1114 inueniri.
611 1053 681 1114 Sine
704 1056 863 1114 certamine
887 1057 966 1113 enim
989 1055 1073 1114 uelut
1092 1056 1126 1113 in
1143 1055 1224 1114 bello

210 1137 275 1226 (icy.
295 1136 449 1210 inbellemi
477 1145 739 1220 emporitana,
769 1144 899 1202 undeet
922 1163 989 1207 eum
1011 1163 1098 1203 eeruo
1123 1145 1162 1203 ad
1187 1147 1223 1203 ti-

158 1236 299 1294 minoris
323 1233 550 1294 similitudinem
572 1235 758 1309 comparauit
780 1226 942 1314 (Arcens.
957 1251 972 1291 e
976 1252 1000 1307 p

298 1341 414 1383 namon
441 1316 554 1401 Paean]
601 1321 658 1381 Vel
679 1321 798 1396 fortior,
826 1323 896 1396 quia
919 1325 950 1380 et
971 1323 1094 1380 numina
1118 1323 1223 1381 uulne-

209 1415 303 1490 rauit,
330 1415 380 1473 uel
402 1414 474 1490 quia
495 1413 544 1472 hie
567 1411 606 1471 ad
627 1413 757 1489 patriam
780 1413 876 1470 uictor
897 1429 1031 1470 reuersus
1055 1413 1113 1486 est,
1142 1411 1223 1487 quod

210 1506 291 1581 patri
313 1506 376 1564 eius
398 1523 458 1562 non
480 1503 647 1579 contigerat
669 1492 767 1582 (ΑΓα
781 1518 856 1559 eona
870 1518 913 1574 ep

300 1604 359 1671 29.
383 1607 484 1669 *Ordo
507 1611 565 1668 est:
588 1628 676 1684 quem
698 1610 732 1665 tu
754 1607 853 1666 mollis
875 1607 972 1684 fugies
990 1605 1112 1664 sublimi
1132 1607 1223 1665 anhe-

158 1711 191 1758 15
210 1701 267 1758 litu
290 1701 335 1758 uti
358 1717 461 1758 ceruus
484 1700 639 1757 imm0mor
661 1697 803 1774 graminis
826 1697 924 1754 uisum
945 1696 1050 1770 lupum
1073 1697 1105 1753 in
1125 1696 1222 1754 altera

209 1791 294 1865 parte
317 1787 405 1844 uallis
428 1787 508 1864 fugit
530 1778 650 1867 (1⁷(ya)
660 1803 702 1859 ep
716 1802 791 1844 eoae.
805 1785 911 1858 Porph.
926 1802 980 1842 em.
994 1781 1046 1842 Ar

299 1884 358 1952 31.
394 1885 519 1970 nonme]
562 1891 683 1950 Inbellia
707 1884 786 1972 (ΑΓ

298 1999 421 2040 svamm
452 1974 575 2059 evenes]
621 1980 684 2038 Aut
715 1981 854 2058 ypallage
885 1979 982 2058 figura
1010 1998 1065 2054 pro
1098 1979 1221 2038 sublimi

208 2074 292 2148 parte
316 2071 460 2146 eorporis,
485 2070 562 2128 idest
584 2089 634 2129 ore
657 2070 737 2129 edito
760 2062 810 2151 (ee
830 2060 965 2149 Papi),
987 2069 1036 2127 uel
1057 2069 1130 2143 quia
1153 2069 1221 2144 ipsa

156 2172 190 2220 20
210 2161 357 2220 anhelitus
380 2159 488 2219 nebula
511 2178 626 2218 summa
649 2162 733 2236 petat
755 2161 963 2235 potiusquam
982 2159 1042 2216 ima
1058 2149 1218 2238 (AI'emes.

209 2269 251 2325 cp
264 2269 318 2310 em.
333 2274 352 2309 α
373 2253 407 2308 at
428 2249 546 2319 adsolet,
569 2252 640 2324 quia
664 2265 780 2308 aeneam
802 2266 861 2307 mm
882 2247 1032 2306 intellexit:
1055 2249 1132 2306 aetat
1149 2251 1218 2304 neta

208 2355 231 2392 ω
254 2359 346 2415 supra
368 2359 398 2399 a.
417 2341 515 2400 mollis

299 2441 357 2508 32.
394 2447 484 2507 *Non
510 2448 566 2507 hoe
592 2446 744 2525 pollicitus
767 2435 851 2525 (ep)]
898 2442 1018 2502 Seih'eet
1044 2444 1079 2501 ut
1101 2441 1217 2520 fugeres

223 2539 253 2595 Γ
254 2555 292 2596 ac

155 2529 222 2703 25(
296 2557 357 2704 23.
394 2641 495 2702 *Ordo
527 2646 585 2701 est:
620 2640 763 2700 iracunda
795 2639 895 2698 elassis
927 2637 1056 2696 Achillei
1086 2637 1215 2712 proferet

208 2734 287 2793 diem
309 2734 366 2792 Ilio
390 2735 420 2792 et
441 2733 585 2791 matronis
607 2731 760 2807 Phiygum
783 2720 894 2810 (saep

296 2815 495 2900 mecvnn[1]n
517 2840 593 2878 man
615 2813 698 2898 Pae]
723 2817 804 2887 Quae
826 2837 886 2877 non
908 2819 1025 2891 tempus
1047 2815 1132 2873 uelut
1148 2833 1214 2891 pro·
1276 2839 1277 2888 3

438 3017 439 3023 1
1276 2993 1277 3028 1

297 3046 529 3116 tantiloehoee]
545 3043 754 3112 antiloeoAPp
827 3037 993 3094 7ine1tieA
1043 3037 1213 3107 assignatep
1276 3059 1277 3092 i

208 3119 361 3190 adsignans
380 3124 428 3177 Ar
451 3118 615 3188 designaty
687 3116 793 3185 quanta
811 3114 858 3168 Ar
881 3111 1016 3182 quantam
1033 3125 1070 3177 ep
1091 3123 1179 3178 quey
1276 3106 1277 3187 1

208 3192 323 3263 9eum]
345 3209 408 3246 eum
427 3193 454 3248 A
472 3189 578 3246 ataid.
653 3189 685 3240 10
708 3185 883 3255 comparauit
901 3184 940 3255 A]
960 3181 1104 3250 comparat
1121 3184 1177 3234 cett.
1276 3195 1277 3244 1

209 3266 241 3314 11
261 3262 308 3316 uel
327 3262 363 3335 f:]
382 3281 432 3319 em.
448 3283 467 3316 α
537 3260 619 3314 uuln:
650 3257 772 3312 uiolauit
790 3277 809 3310 α
917 3261 949 3309 12
968 3252 1070 3322 uictor]
1085 3269 1178 3307 omma
1276 3251 1277 3296 1

209 3338 242 3386 11
261 3335 304 3405 tn]
324 3352 409 3390 oeae
499 3339 532 3387 16
551 3331 625 3401 fugit
656 3347 739 3385 oeae
826 3334 858 3382 19
877 3327 950 3398 ipsa]
969 3326 1031 3395 ipse
1045 3340 1067 3392 p
1085 3325 1178 3406 Raaty
1276 3311 1277 3380 Ῐ

207 3410 242 3459 20
261 3405 403 3461 hanelitus
423 3406 489 3460 Are
594 3401 698 3456 nebula
716 3401 765 3472 Κ]
784 3399 888 3455 nabulo
906 3399 953 3453 Ae
983 3394 1117 3450 nenabnh
1136 3411 1178 3464 γρ

205 3493 281 3533 uena
299 3498 314 3535 r
332 3479 434 3532 natine
451 3476 580 3530 Haathal
597 3476 630 3528 ut
647 3472 866 3542 nebulaeaepie.
881 3469 975 3537 Pauly
1068 3471 1102 3518 23
1120 3466 1153 3519 ut
1169 3465 1208 3518 fn-
1276 3497 1277 3510 1

207 3565 287 3618 geres
306 3551 414 3604 seilicet
432 3565 469 3614 ep
541 3551 574 3598 25
593 3545 716 3612 proferet
730 3577 763 3584 -
777 3539 926 3612 phrygum]
942 3540 1034 3600 emi]
1048 3553 1105 3590 aen
1118 3553 1176 3604 nep
1276 3561 1277 3572 1

206 3619 332 3686 proferat
350 3641 368 3671 α
450 3621 483 3667 26
502 3615 642 3681 phrygum
656 3615 689 3683 p]
709 3613 813 3680 frigam
832 3625 871 3662 ae
951 3611 984 3656 27
1003 3605 1088 3673 quae]
1107 3622 1207 3673 omen
