2596 3910
211 211 275 276 378
543 211 732 265 EXPOSITIO
751 211 791 264 IN
809 211 893 266 HOR.

299 380 389 439 *Duo
408 382 480 440 sunt
498 397 606 457 genera
619 379 792 438 huiusmodi
806 380 882 438 stili:
905 379 1022 455 epodon
1036 383 1067 438 et
1081 380 1235 456 proodon.

209 469 336 548 Epodon
358 469 469 527 dicitur
492 469 579 544 quasi
602 470 817 545 postcuntatio,
840 471 888 544 ut,
910 468 989 544 quod
1012 469 1089 528 dicit
1110 471 1233 546 primm

209 577 326 633 norece,
353 557 425 617 ordo
453 559 603 632 sequentis
626 556 777 632 explanet3
806 557 940 633 proodon
962 575 1017 634 per
1039 560 1231 617 contrarium

211 649 298 724 quasi
326 647 537 705 antecantatio.
583 645 648 706 Hoc
670 647 769 722 ipsum
791 647 877 705 item:
908 646 1023 722 epodon
1045 649 1138 722 qnasi
1162 653 1231 724 post

174 735 294 808 boden,
316 735 372 793 hoc
395 736 440 793 est
457 735 527 810 post
544 752 657 809 uocem,
679 737 748 809 post
767 735 959 809 cantilenam3
981 735 1118 811 proedon
1141 737 1230 813 quasi
1272 753 1273 776 ³

210 826 279 882 ante
302 823 388 898 oden,
411 826 480 882 ante
502 840 616 898 uocem,
639 826 708 880 ante
732 823 911 882 cantilenam
934 815 978 905 (Γ

298 928 357 969 nus
380 928 521 971 nmmum
544 929 637 969 muns
658 928 739 968 unus
757 906 888 990 nemun]
925 931 1052 971 unuavu
1071 930 1228 974 muniovu

209 1018 343 1060 momvs.
384 1017 496 1060 cuncus
520 1018 595 1058 uum
617 1016 732 1059 ususve
756 1017 900 1060 mumovs
923 1019 1089 1076 umuarnn,
1113 1019 1226 1063 suevu-

209 1106 269 1149 ovs
292 1107 430 1147 omnum
453 1105 598 1148 mumovs
623 1081 737 1169 (Ach
787 1119 789 1124 ·
1273 1044 1274 1118 l

156 1195 191 1245 10
297 1178 423 1255 ldpodon
450 1196 568 1237 carmen
590 1180 728 1237 uocatur:
759 1178 873 1252 primus
896 1179 976 1235 enim
999 1196 1103 1238 uersus
1129 1181 1227 1239 maior

210 1261 293 1346 [est],
315 1267 460 1327 secundus
478 1267 583 1325 minor.
623 1266 795 1343 deprimas
813 1282 920 1326 uersus
939 1265 1066 1326 secundo
1086 1262 1226 1350 ἐπᾴδεται

209 1357 287 1416 idest
313 1357 516 1433 praecanitur,
544 1355 594 1414 uel
621 1356 695 1430 quia
722 1353 832 1414 Graece
859 1352 929 1426 ἔπος
956 1373 1074 1414 carmen
1104 1356 1226 1436 dicitnr,
1274 1350 1275 1392 l

209 1445 276 1505 ideo
306 1443 430 1528 ἐπῳδῶν
457 1444 505 1504 hio
532 1444 608 1518 liber¹
635 1445 818 1519 nominatur,
851 1445 924 1520 quia
951 1445 1094 1503 continuo
1121 1448 1225 1505 tenore

209 1534 300 1610 primi
321 1551 426 1593 uersus
449 1551 552 1592 sensus
575 1551 666 1591 uersu
689 1534 824 1607 sequenti
847 1532 1035 1592 concluditur
1056 1525 1139 1614 (AV

156 1639 189 1688 15
298 1621 395 1682 Huius
423 1639 494 1681 uero
521 1623 609 1680 metri
636 1622 776 1680 inuentor
801 1621 899 1680 fertur
924 1621 1120 1682 Archilochus
1149 1615 1227 1705 (AV
1275 1652 1276 1694 t

301 1703 334 1771 l.
375 1727 435 1769 nus
462 1704 618 1788 umvuuis]
663 1709 865 1769 Maecenatem
887 1713 1081 1787 prosequitur
1103 1715 1222 1771 euntem

210 1799 247 1857 ad
279 1799 390 1858 bellum
417 1799 525 1858 nauale
553 1816 622 1857 cum
648 1798 786 1876 Augusto
814 1798 971 1858 aduersum
997 1799 1167 1860 Antonium
1194 1805 1222 1859 et

210 1887 399 1962 Cleopatram
422 1879 500 1967 (AV

298 1973 458 2034 *Ostendit
479 1975 684 2052 naumachiae,
706 1975 785 2035 idest
805 1975 908 2034 nauali
924 1977 1038 2052 proelio
1056 1979 1129 2036 tunc
1148 1981 1220 2037 tem-
1276 1965 1277 1980 ¹

153 2064 288 2140 soporis
311 2065 452 2123 interesse
474 2058 729 2142 M<a>ecenatem
751 2065 799 2124 oui
821 2066 886 2141 ipse
907 2059 1097 2143 pr<a>eerat,
1120 2065 1219 2125 dicens

208 2154 294 2212 iilum
323 2154 367 2212 ire
395 2171 463 2212 cum
488 2151 644 2228 Liburnia,
675 2152 754 2212 idest
780 2153 927 2212 uersiculis
954 2151 1080 2229 Libius,
1112 2156 1220 2229 quibus

209 2246 334 2302 utuntur
360 2243 560 2320 negotiatores
588 2241 715 2318 Libyam
748 2243 778 2301 et
803 2242 836 2300 hi
862 2243 967 2317 etiam,
995 2244 1047 2318 qui
1073 2245 1219 2318 proelium

208 2333 315 2391 nauale
334 2331 482 2407 ordinant,
501 2349 569 2389 cum
586 2331 633 2389 his
651 2330 800 2389 nauiculis
819 2330 989 2390 discurrumt
1002 2332 1081 2390 inter
1094 2335 1220 2392 maiores

208 2439 309 2496 naues,
332 2421 502 2480 ordinantes
520 2420 631 2478 milites
650 2439 704 2495 per
722 2419 854 2496 singulas
872 2437 972 2494 naues,
995 2419 1077 2495 quod
1094 2417 1216 2499 M<a>e

154 2525 296 2574 ascenae
328 2511 399 2569 tuno
432 2510 506 2587 egit,
543 2510 620 2567 sicut
652 2507 778 2583 quilibet
809 2507 869 2565 dux
900 2509 933 2565 in
965 2511 1095 2584 equestri
1127 2514 1219 2570 certa-

209 2600 287 2656 mine
325 2598 355 2655 Γ

299 2588 333 2745 d.
352 2701 447 2743 amon
465 2678 725 2763 rnorvouucvm]
747 2679 1019 2763 <Pr0pugnaoula>
1032 2688 1113 2745 utin
1126 2707 1219 2762 muro,

208 2777 252 2834 ita
284 2774 315 2832 et
345 2775 377 2831 in
409 2773 538 2832 nauibus
569 2774 659 2848 fiunt,
694 2775 763 2850 post
795 2792 872 2849 quae
904 2774 1079 2834 dimicantes
1112 2777 1220 2834 armati

209 2863 373 2925 consistant
396 2853 476 2944 (AV

299 3092 333 3140 10
355 3085 465 3156 epodon
488 3099 600 3137 carmen
622 3086 741 3138 uocatur
759 3085 798 3155 A]
817 3084 928 3154 epodon
948 3084 1001 3138 hoc
1020 3099 1132 3138 carmen
1151 3085 1220 3139 dici-

207 3163 254 3214 tur
272 3175 309 3227 cp
337 3158 447 3226 epodon
469 3155 523 3209 hoc
546 3153 650 3208 dicitur
673 3171 785 3210 carmen
804 3157 830 3210 V
936 3161 968 3210 11
988 3159 1032 3210 est
1051 3157 1078 3210 V
1092 3173 1141 3210 om.
1157 3158 1183 3211 A

208 3228 342 3304 ἐπᾴδεται
356 3228 405 3299 Κ]
425 3225 542 3296 epadioe
557 3242 579 3294 p
598 3225 731 3294 epidicio
750 3226 834 3295 epadi
848 3227 909 3282 AV
977 3233 1010 3281 12
1025 3243 1092 3296 epos
1107 3228 1134 3282 A
1152 3243 1219 3300 ppos

107 3320 110 3325 ·
213 3300 259 3368 Vp
278 3300 460 3353 lcousaas‘oc
538 3301 571 3351 13
590 3296 701 3365 epodon
719 3299 799 3366 AVp
817 3299 1001 3353 umine
1077 3304 1110 3352 lt
1129 3299 1220 3353 archi-

207 3368 304 3422 lochus
319 3370 345 3438 c]
360 3367 515 3422 archilocus
526 3387 548 3438 p
563 3367 703 3422 archilaus
714 3369 775 3423 AV
843 3374 876 3423 16
890 3384 982 3422 maec:
995 3369 1027 3440 p]
1037 3385 1110 3423 mec:
1125 3375 1180 3425 ceu.

210 3443 241 3490 11
262 3437 298 3490 ad
312 3437 389 3490 bellu
402 3438 505 3492 nauale
519 3444 554 3492 cii
569 3441 689 3508 augusto
703 3438 805 3493 nauale
819 3443 854 3492 cii
869 3441 988 3509 augusto
1003 3441 1031 3494 A
1095 3443 1136 3493 ’19
1150 3456 1220 3494 nau·

207 3507 335 3560 inachiae
352 3507 426 3562 idest
443 3508 469 3578 r]
489 3526 571 3578 onus
679 3515 711 3563 21
732 3509 835 3580 (libicis
854 3513 892 3579 Γ)
1001 3515 1034 3564 22
1054 3509 1140 3582 (libye
1157 3514 1182 3580 r)

221 3583 242 3629 ι9
260 3576 380 3630 esistunt
397 3579 436 3647 A]
455 3579 613 3633 consistunt
627 3581 688 3648 ch
