2612 3906
193 237 236 302 66
527 236 715 292 EXPOSITIO
734 236 774 290 IN
792 236 875 292 HOR.

285 398 342 466 17.
362 405 486 480 *Nuper
505 406 665 464 sollicitum
684 425 760 482 quae
778 405 852 464 mihi
870 405 984 464 tedium
1005 397 1071 486 (p)]
1096 401 1216 486 [Idest]

193 513 224 554 ee
247 495 350 570 posuit
372 512 426 570 pro
449 496 522 553 nani
547 487 609 577 (Γα
613 513 639 568 p
651 511 757 552 conec
1144 513 1157 520 ··

283 600 467 642 sonarcrrvrr
487 600 569 648 ovar
588 603 656 642 mm
675 576 806 662 rrnrvn]
843 583 937 642 Nauis
954 585 1018 643 siue
1031 585 1216 660 respublica,

193 691 269 748 quae
301 671 533 731 sollicitudinem
565 691 599 731 ex
631 674 692 731 suis
723 672 810 730 malis
838 672 1001 747 induxerit,
1033 693 1070 732 ne
1097 675 1213 732 iterum

157 762 272 819 taient
294 760 349 819 sub
374 759 498 820 Caesare
520 761 685 837 trepidaret
708 753 871 840 (Ascons.
886 778 929 835 cp

285 858 342 926 19.
372 860 431 927 20.
468 884 638 926 mrnarvsa
673 885 823 925 mrsrrrss
858 885 947 926 vrrns
985 885 1132 934 Asovoar
1167 863 1212 946 c]

191 955 336 1016 Absolute
367 957 483 1016 locutio
516 959 573 1030 est,
606 975 640 1014 ac
668 957 694 1014 si
722 957 844 1015 diceret:
876 958 953 1015 uites
981 975 1113 1032 aequora
1140 957 1214 1016 fusa

191 1045 269 1103 inter
296 1045 425 1104 nitentes
450 1043 608 1120 Cycladas,
635 1045 713 1104 idest
739 1046 826 1122 longe
850 1049 1041 1121 apparentes,
1070 1050 1106 1105 ut
1129 1047 1212 1104 inter
1276 1088 1277 1126 p

190 1135 297 1210 iniqua
319 1134 385 1194 loca
408 1138 439 1193 et
461 1137 662 1209 tempestuosa
685 1133 763 1193 uada
786 1138 816 1192 te
839 1134 997 1208 custodias,
1021 1138 1052 1193 et
1075 1136 1116 1193 sis
1136 1136 1212 1194 elie-
1276 1129 1277 1142 ¹

139 1231 172 1278 10
190 1241 246 1281 nus
275 1243 292 1282 a
319 1223 390 1282 belli
421 1223 559 1282 consiliis.
615 1222 765 1300 Vergilius
794 1216 883 1304 (Aen.
902 1223 949 1281 III
968 1224 1040 1281 126.
1063 1217 1143 1305 127)
1173 1225 1211 1282 de

191 1313 285 1371 isdem
308 1313 426 1371 insulis:

724 1399 906 1477 Sparsasque
928 1421 982 1476 per
1004 1419 1117 1476 aequor
1152 1410 1156 1418 ’

354 1491 497 1568 Cycladas
522 1482 685 1572 (Ascons.
700 1507 736 1548 oc
740 1508 764 1564 p
801 1571 804 1577 Ι

591 1895 707 1956 CARM.
727 1898 743 1956 Ι
764 1900 803 1957 15

137 2065 170 2112 15
431 2051 488 2135 [An
512 2019 721 2118 anaxannrvrr
744 2076 881 2116 naaman
905 2051 961 2138 (2ss

279 2215 397 2257 rasroa
422 2216 484 2258 cvii
507 2217 670 2258 emanans
693 2219 720 2258 r.
740 2219 766 2259 r.
786 2194 830 2280 rt]
875 2220 961 2258 rann
985 2217 1062 2258 raas
1086 2191 1203 2260 versvs

189 2304 401 2364 asenarranrr,
425 2307 565 2355 orrares
589 2307 761 2350 carcosrvs
786 2282 972 2371 (ABI'se'm.
986 2306 1029 2363 cp

279 2387 312 2454 2.
345 2389 510 2475 panemve]
556 2395 633 2465 Quia
664 2398 696 2455 in
728 2396 816 2455 fidem
848 2396 937 2454 amici
963 2396 1201 2471 hospitalitatem

188 2482 330 2543 uiolando
355 2485 535 2544 commiserit
558 2479 681 2567 (AI'cp

134 2596 169 2647 20
278 2581 312 2648 3.
336 2607 471 2649 monere
495 2608 631 2650 onerans
655 2586 742 2671 erro]
774 2592 837 2650 Aut
858 2591 958 2650 uentis
982 2583 1062 2671 (sim.
1080 2585 1200 2673 Porpt.)

189 2681 242 2736 aut
264 2677 367 2736 Paridi
390 2671 535 2758 (Asocp

278 2761 403 2846 oanvlr]
444 2767 607 2845 Mitigauit,
630 2771 794 2845 conpressit
817 2760 963 2850 (Asecp

278 2866 312 2935 4.
336 2874 398 2932 *Vt
421 2877 540 2933 caneret
563 2867 631 2956 (p)]
672 2875 714 2934 Vt
737 2875 920 2951 praediceret
943 2867 1036 2955 (Pap

276 3120 293 3166 4
318 3115 461 3172 induxerit
482 3117 507 3187 c]
526 3116 661 3171 indixerit
683 3117 731 3171 Ar
762 3115 903 3170 indixerat
925 3137 941 3185 p
973 3115 1123 3170 induxerat
1141 3135 1163 3186 p

187 3187 317 3240 teesare
331 3190 359 3241 A
432 3189 608 3259 teqnoraA
679 3187 742 3242 fusa
756 3205 877 3257 cpconr.
893 3188 1007 3260 Porph]
1023 3191 1162 3244 om.APo

187 3255 297 3310 Sidcst
323 3257 407 3328 longe
430 3261 455 3330 c]
475 3260 559 3330 longe
578 3259 724 3315 seilicetr
759 3259 843 3330 longe
861 3261 933 3330 App
1006 3265 1039 3313 10
1057 3262 1139 3329 cergi
1158 3261 1195 3332 A]

185 3325 258 3396 nirg.
282 3335 338 3383 cett.
449 3336 481 3384 12
509 3346 676 3401 sparsasque
696 3362 727 3370 -
747 3330 890 3402 cycladas]
915 3346 966 3400 spa
1000 3356 1033 3376 =
1049 3347 1069 3384 s.
1084 3349 1111 3400 p.
1128 3333 1195 3400 a.)y

186 3413 236 3451 om.
252 3417 287 3453 ro
360 3417 466 3471 aequor
480 3404 512 3474 p]
533 3419 638 3472 equora
652 3405 680 3457 A
698 3417 817 3471 equore
889 3407 922 3455 13
941 3401 1073 3468 cycedas
1091 3402 1139 3472 cp]
1159 3403 1194 3456 ci-

186 3467 283 3524 cladas
301 3472 329 3526 A
438 3479 471 3527 16
494 3477 615 3528 metrum
641 3473 732 3527 tribus
759 3474 886 3529 uersibus
909 3472 1112 3541 asclipiadeum
1135 3473 1162 3527 B

187 3545 220 3591 17
249 3542 396 3610 glyconine
424 3546 464 3614 B]
483 3544 623 3614 gliconius
651 3548 722 3612 Acp
758 3544 912 3614 gliconicus
935 3561 950 3595 r
986 3540 1122 3596 cliconius
1145 3565 1161 3612 y

186 3614 219 3662 22
239 3612 395 3682 mitigauit]
414 3614 565 3681 impediuit
583 3635 602 3666 α
675 3631 773 3681 conpr:
793 3614 853 3682 Ay]
872 3612 1037 3677 compressit
1054 3619 1111 3665 cett.
