2612 3906
190 269 233 336 58
522 270 711 328 RXPOSITIO
729 272 770 326 IN
787 272 870 328 ΗΘΒ.

280 430 432 500 33-36.
455 433 630 518 [Romulum
650 444 720 517 post
736 441 790 500 bos
809 432 894 522 (cp)]
918 439 1003 502 Ordo
1027 445 1094 501 est:
1121 440 1226 500 dubito

191 549 229 588 ιι
250 529 334 606 prius
356 545 515 588 memorem
534 533 602 606 post
618 529 673 588 hos
691 529 850 590 Romulum
869 549 907 589 an
925 531 1078 606 quietum
1097 547 1230 607 regnum

190 616 329 694 Pompilii
361 635 400 675 an
431 617 572 693 superbos
603 619 697 678 fasces
729 618 874 696 Tarquini
906 637 944 678 an
974 619 1096 680 nobile
1133 619 1230 676 letum

191 705 312 766 Catonis
336 698 393 788 (cp
406 723 461 765 ona
475 701 563 786 Ar]

153 806 171 854 o
279 786 339 856 33.
363 786 422 856 34.
459 793 621 864 *Quietum
652 795 793 872 Pompilii
824 815 949 876 regnum
980 787 1063 878 (p)]
1112 795 1232 872 Magna

189 877 298 963 [enim]
321 903 379 960 pax
401 883 461 943 fuit
483 883 545 944 eius
568 885 750 960 temporibus
774 876 886 966 (Puep
1286 943 1287 964 ξ

277 972 447 1049 *Superbos
470 973 564 1032 fasces
587 965 673 1054 (ep)]
704 973 768 1033 Aut
790 973 903 1034 nobiles
927 967 977 1056 (cf.
991 963 1140 1054 Porpb.)
1178 971 1231 1028 aut
1287 998 1288 1004 κ

188 1081 293 1122 reuera
315 1062 457 1138 superbos
480 1053 534 1143 (Γ
542 1078 609 1135 ucp

279 1143 337 1212 35.
369 1168 523 1210 svnnnnos
550 1167 697 1216 neroum
723 1145 852 1230 essone]
893 1151 942 1210 Ad
968 1152 1024 1212 hoe
1059 1151 1231 1210 Romanos

136 1251 170 1299 10
189 1239 277 1300 duces
301 1244 331 1301 et
351 1240 465 1299 nobiles
488 1240 703 1316 praetereundo
725 1243 948 1315 commemorat,
971 1244 1007 1300 ut
1030 1240 1230 1318 Augustum

189 1330 303 1390 cunetis
332 1329 490 1407 praeierat.
540 1329 618 1388 Nam
646 1327 788 1388 Remulus
815 1328 896 1388 urbis
924 1329 1038 1389 Romae
1074 1327 1229 1388 eonditor

190 1422 249 1494 est,
275 1420 375 1478 Numa
397 1417 563 1496 Pompilius
586 1437 605 1476 ι
627 1416 752 1477 Curibus
776 1416 894 1476 Sabinis
922 1418 960 1478 sd
982 1438 1127 1497 regnum
1154 1429 1227 1474 euo·

190 1513 273 1568 estus
301 1527 451 1568 sacrorum
478 1509 623 1567 inuentor.
670 1507 848 1583 Tarquinius
872 1524 989 1583 quoque
1011 1528 1068 1568 rex
1098 1505 1225 1565 uirtute

189 1616 327 1677 magnus,
358 1597 411 1657 sed
440 1598 490 1656 hic
521 1597 654 1655 Priscum
685 1597 797 1672 posuit,
829 1614 889 1655 non
910 1595 1109 1672 Superbum,
1147 1609 1224 1651 nam

136 1698 169 1746 15
190 1681 346 1762 ‘superbos
373 1681 485 1745 fasees'
511 1686 624 1745 nobiles
652 1684 735 1743 dixit.
781 1683 855 1744 (lato
878 1684 950 1743 dum
971 1691 1097 1746 mortuo
1126 1683 1222 1742 Pom·
1286 1727 1287 1732 1

188 1776 255 1852 peio
279 1773 358 1850 apud
380 1773 501 1831 Vticam
523 1767 715 1847 obsideretur,
738 1792 837 1833 amore
860 1773 1007 1834 libertatis
1030 1793 1135 1836 manu
1161 1785 1220 1828 sua
1288 1803 1289 1889 1

188 1881 251 1922 sese
273 1863 407 1938 peremit,
430 1861 508 1920 unde
532 1864 561 1920 et
574 1861 723 1921 Vticensis
746 1866 869 1922 uocatus
891 1866 942 1923 est.
980 1863 1122 1941 Regulus
1145 1877 1221 1920 cum

187 1950 276 2011 Assos
299 1950 433 2022 uicisset,
463 1949 500 2007 ab
523 1949 638 2008 hisdem
661 1969 728 2008 cum
751 1953 853 2028 paueis
877 1955 981 2028 captus
1005 1956 1056 2012 est.
1110 1950 1216 2020 Quem

188 2039 259 2098 dum
273 2037 530 2116 Carthaginienses
545 2038 670 2098 Romam
688 2058 742 2116 pro
762 2043 992 2100 commutatione
1010 2043 1216 2118 captiuorum
1288 2048 1289 2083 l

133 2139 169 2187 ιο
187 2128 349 2201 misissent,
378 2127 599 2203 adquiescentes
627 2127 775 2189 Romanos
804 2148 856 2189 suo
885 2131 1007 2190 consilio
1033 2127 1210 2192 reuocauit.

186 2217 274 2275 Hunc
301 2214 405 2290 Poeni,
437 2215 508 2275 dum
539 2219 719 2277 sacramenti
750 2237 863 2278 memor
892 2221 1076 2294 reuertisset,
1111 2216 1210 2280 sectis
1288 2267 1289 2286 ,

186 2306 337 2382 palpebris
365 2305 478 2384 uigiliis
501 2310 690 2366 uocauerunt.
735 2307 845 2366 Paulus
870 2311 900 2366 et
922 2307 1077 2368 Terentius
1101 2309 1209 2367 Vane

188 2395 321 2454 consules
345 2396 503 2455 aduersum
520 2396 719 2456 Hannibalem
742 2397 825 2455 missi
843 2400 920 2455 sunt.
956 2397 1011 2455 Hii
1029 2401 1102 2473 aput
1123 2396 1206 2457 Oan-

187 2502 240 2544 nes
267 2483 397 2560 Apuliae
428 2487 529 2544 uicum
559 2505 626 2544 cum
653 2485 759 2563 grandi
786 2486 929 2544 exercitus
957 2485 1084 2546 Romani
1113 2483 1207 2546 clade

133 2584 168 2632 ιδ
188 2575 321 2648 superati
348 2575 425 2632 sunt.
471 2574 581 2634 Paulus
609 2577 804 2650 posteaquam
826 2575 943 2634 tentam
966 2576 1042 2636 uitio
1065 2577 1204 2654 collegae

187 2681 308 2722 suorum
343 2662 421 2720 uidit
457 2665 601 2740 stragem,
637 2681 669 2722 se
703 2663 908 2738 perimendum
938 2663 1073 2723 hostibus
1105 2665 1203 2724 dedit.
1288 2670 1289 2705 l

186 2751 340 2810 Fabricius
359 2769 476 2827 quoque
494 2753 612 2828 magnis
628 2751 769 2827 praemiis
788 2769 806 2808 a
823 2771 892 2830 rege
910 2752 1005 2828 Pyrro
1022 2754 1201 2829 temptatae,

187 2840 258 2899 dum
284 2843 372 2900 nimis
399 2858 514 2916 pauper
536 2858 625 2899 censu
648 2842 737 2914 esset,
765 2842 915 2916 corrumpi
937 2860 997 2902 non
1019 2845 1131 2918 potuit3
1160 2841 1201 2902 de
1288 2834 1289 2909 l

186 2949 245 3005 quo
267 2928 405 2990 Lucanus
428 2921 601 3011 (111160):

132 3063 167 3111 30
320 3054 384 3124 Quo
407 3059 437 3114 te
459 3053 612 3113 Fabricius
634 3055 780 3132 reginen
803 3054 937 3113 uendidit
960 3053 1053 3116 suro?

275 3294 395 3366 sonim]
415 3312 465 3350 om.
481 3298 529 3350 Γα
606 3299 639 3348 14
658 3296 735 3363 sety
812 3299 845 3349 18
864 3295 974 3350 hisdem
992 3297 1050 3368 Ar]
1070 3294 1191 3368 isdemy

185 3363 292 3419 eisdem
310 3383 390 3435 ovcp
408 3365 452 3420 his
471 3367 509 3420 df
518 3387 537 3420 α
592 3371 625 3420 19
640 3364 879 3436 carthaginienses
892 3367 931 3438 A]
947 3367 1192 3438 cartaginiensesr

185 3435 434 3508 kartaginienseso
453 3436 692 3508 kartaginensesv
712 3438 1014 3509 cartaginensesyncp
1070 3438 1190 3508 22phal-

175 3508 299 3580 ¹phebris
317 3512 345 3565 A
415 3508 535 3578 uigiliis]
555 3508 644 3578 uirgil
662 3510 689 3564 A
762 3515 796 3563 23
816 3508 914 3563 annib:
934 3529 953 3562 u
1024 3509 1066 3562 hii
1083 3510 1142 3578 Ay]
1161 3509 1189 3562 hi

184 3580 353 3646 ποικιλίῃ
405 3579 686 3646 aputAJspudcctt.
745 3577 938 3644 uccellegeA
997 3578 1155 3644 27pirroA

185 3653 218 3702 28
238 3648 273 3702 de
288 3680 321 3688 —
336 3664 403 3700 euro
418 3664 498 3701 eruo
571 3651 605 3698 30
623 3649 684 3716 regi
703 3647 769 3716 non]
788 3645 886 3712 regino
905 3646 933 3697 A
950 3645 1028 3704 renio
1047 3666 1066 3697 α
