2650 3920
186 219 252 284 140
518 219 707 275 EXPOSITIO
725 219 765 275 IN
781 220 867 274 ΗΘΒ.

276 380 335 448 22.
358 405 420 446 non
439 406 596 448 monooao
614 384 768 467 renunes]
798 386 932 447 Glorioso
949 387 1071 463 puluere
1089 385 1203 443 bellico

185 477 338 537 sordentes
363 469 441 558 (ΑΓ
448 477 476 536 V

276 558 335 624 23.
377 583 543 625 ranamvu
566 561 719 644 svmens]
763 565 827 624 Hoc
851 568 909 625 est:
934 582 952 623 a
975 561 1099 622 Caesare
1123 555 1211 640 (ΑΓ

276 644 335 714 24.
357 671 505 712 anaocnu
527 673 648 715 numum
671 651 714 734 o]
735 654 875 714 Atrooem
898 654 1090 730 constantem.
1127 650 1203 709 Por·

149 754 166 802 5
185 744 249 802 cius
268 743 352 818 enim
376 741 450 802 (lato
475 747 548 819 aput
569 744 690 804 Vticam
712 745 804 822 elegit
825 745 925 818 potius
946 743 1083 816 interire,
1107 758 1203 816 quam

184 833 218 889 in
239 831 372 890 hostium
394 835 574 907 potestatem
595 835 713 892 ueniret
735 824 936 914 (Aeroes.
953 830 1061 903 Porph.

276 912 335 980 25.
377 920 456 979 Ordo
492 924 549 980 est:
586 921 660 980 Iuno
693 924 723 980 et
754 922 890 997 quisquis
922 919 1042 978 deorum
1075 918 1207 975 amicior

184 1007 267 1067 Afris
303 1011 451 1085 impotens
484 1014 612 1068 cesserat
643 1011 741 1068 inulta
772 1010 891 1085 tellure,
926 1009 1045 1067 rettulit
1075 1007 1205 1064 inferias

185 1097 350 1174 Iugurthae
372 1101 495 1174 nepotes
516 1100 665 1157 uictorum
689 1092 787 1175 (Γαῖ’
947 1161 948 1164 ¹

132 1197 167 1244 10
274 1203 347 1245 iuno
370 1204 409 1245 an
432 1204 560 1246 ononvu
582 1204 721 1254 ersovrs
740 1181 784 1266 a]
807 1188 972 1261 Tamquam
991 1185 1093 1244 eiuilia
1110 1183 1204 1256 bella,

185 1293 262 1350 quae
293 1277 398 1350 postea
426 1278 510 1353 gesta
537 1278 607 1334 sunt
633 1278 665 1333 in
693 1276 795 1334 Africa
823 1275 861 1333 ad
886 1274 1052 1333 uindictam
1078 1272 1203 1336 Africae

185 1366 352 1440 superatae,
374 1364 496 1423 Iunonis
515 1366 561 1422 ira
578 1365 628 1422 uel
643 1364 764 1423 deorum
777 1365 881 1422 fecerit
895 1363 1074 1422 commoneri
1089 1355 1170 1441 (ΑΓ
1178 1359 1208 1420 V

276 1445 334 1512 27.
348 1469 506 1512 menonvu
520 1446 673 1531 unrocus]
696 1453 905 1527 Romanorum,
920 1453 973 1527 qui
987 1449 1204 1526 Carthaginem

185 1542 324 1600 moerent
346 1533 460 1621 (AFV

132 1641 166 1688 15
276 1622 334 1690 28.
348 1648 501 1688 annrvnm
519 1646 660 1688 mrnnms
678 1621 869 1706 wavarnnn]
891 1628 1093 1687 Hannibalem
1111 1626 1201 1685 intel·

183 1719 245 1794 legi
266 1717 365 1776 uoluit
386 1719 419 1775 in
442 1719 720 1776 commemoratione
743 1717 918 1794 Iugurthae,
950 1719 1002 1774 aut
1024 1719 1102 1774 certe
1127 1717 1202 1790 quia

183 1807 217 1862 in
248 1804 351 1864 Africa
384 1806 473 1864 multi
504 1805 679 1882 Pompeiani
710 1809 842 1882 tempore
873 1806 946 1864 belli
978 1805 1076 1864 ciuilis
1109 1804 1201 1863 occisi

184 1896 256 1951 sunt
279 1885 393 1960 (Aris

275 1973 333 2042 29.
375 1998 444 2048 oms
474 1997 535 2039 non
562 1999 675 2040 nermo
699 1999 722 2040 s.
742 1976 784 2060 e]
829 1981 1030 2042 Romanorum
1053 1983 1199 2060 sanguine

131 2081 167 2130 20
183 2070 235 2128 uel
258 2070 400 2146 sepulcris
423 2070 566 2145 repletus3
590 2072 624 2128 ut
646 2068 782 2130 Lucanus
806 2064 849 2151 (V
867 2071 940 2129 266.
961 2062 1053 2151 260:

559 2193 693 2268 Totoque
717 2196 861 2254 exercitus
884 2177 968 2253 orbe'

346 2281 388 2341 Te
410 2281 548 2341 uincente
570 2284 649 2357 perit
673 2274 751 2363 (ΑΓ
758 2282 786 2341 V

275 2415 334 2483 31.
357 2441 558 2490 svnmvuavn
576 2416 685 2501 unms]
711 2422 768 2481 Pro
788 2423 881 2483 eladis
899 2424 1106 2502 magnitudine
1126 2424 1200 2482 dicit
1311 2373 1312 2430 l

131 2611 166 2659 25
183 2512 394 2681 paga—opp&
416 2512 508 2571 etiam
530 2511 627 2571 Persis
651 2511 768 2585 audita,
796 2515 832 2571 ut
853 2512 1005 2590 Vergilius
1030 2505 1120 2594 (Aen.
1138 2513 1197 2570 VII

317 2721 456 2798 Europae
479 2723 569 2798 atque
590 2721 682 2782 Asiae
704 2723 776 2782 fetis
799 2725 981 2784 concurrerit
1003 2725 1093 2799 orbis,

317 2809 425 2869 Audiit
448 2813 478 2869 et
500 2815 614 2886 siquem
636 2811 726 2870 tellus
750 2814 881 2870 extrema
903 2813 1002 2872 refuso

320 2897 483 2958 Submouet
503 2895 620 2958 Oceano
644 2891 777 2979 (AraV

274 3090 440 3156 sacesare
459 3087 529 3154 (cem
548 3085 575 3154 γ)
594 3081 704 3140 scilicet
717 3088 744 3139 Γ
813 3087 943 3156 lpotius
962 3088 1039 3142 enim
1058 3090 1122 3142 cato
1135 3089 1163 3142 A

184 3161 202 3209 ὁ
221 3157 291 3224 aput
309 3156 349 3226 A]
368 3161 405 3225 ap
430 3157 456 3210 V
471 3153 547 3226 apud
565 3161 623 3210 crit.
724 3157 869 3212 eueniret
886 3158 991 3229 Ach]
1009 3160 1107 3213 uenire
1125 3177 1163 3228 rp

185 3229 264 3280 'lest
303 3227 467 3298 c]om.rV
562 3223 708 3280 Srettulit
726 3227 755 3298 y]
772 3225 871 3282 retulit
888 3231 961 3283 rav
1057 3236 1194 3284 laroma

183 3313 283 3351 nemim
324 3295 444 3351 subaudi
476 3311 653 3350 taruanorum
677 3297 705 3350 V
796 3297 990 3367 carthaginem
1016 3301 1079 3371 Ap]
1108 3304 1193 3355 carta-

183 3367 279 3438 ginem
293 3369 365 3422 Pl'c
474 3372 507 3422 lo
526 3365 801 3422 rememorationem
891 3369 971 3441 quia]
990 3388 1057 3439 q=
1072 3372 1161 3439 quiA

184 3443 219 3496 so
229 3437 365 3509 sepulcris
374 3439 402 3493 A
414 3437 452 3508 Γ]
463 3436 618 3508 sepulchris
630 3441 657 3492 Γ
728 3443 761 3492 81
772 3439 926 3493 excercitus
936 3443 965 3494 A
1037 3447 1071 3495 24
1080 3443 1146 3494 uer*
1157 3445 1191 3515 A]

183 3510 260 3582 uirg:
280 3511 357 3633 ΓΡἸ
446 3515 479 3564 rs
503 3509 597 3564 subm:
616 3509 655 3580 A]
679 3514 837 3565 summouet
854 3511 902 3566 rl'
923 3513 1020 3566 mouet
1042 3533 1059 3581 y
1082 3515 1126 3582 (su
1177 3533 1191 3569 ο

182 3585 309 3638 remouct
328 3602 346 3636 c
