2674 3922
184 183 251 248 280
516 181 704 236 EXPOSITIO
723 181 763 235 IN
780 181 864 236 Hos.

275 345 332 412 29.
373 368 473 410 evasa
504 367 594 410 arvvs
626 344 742 428 lovan]
789 349 867 409 Laus
898 349 1114 408 mediocritatis
1142 351 1196 409 sub

187 442 278 519 agelli
300 439 495 515 descriptione
519 431 663 520 (AFoV

275 521 332 587 30.
356 547 395 584 an
419 544 545 586 suenrus
569 545 669 586 cnam
692 544 781 586 smus
800 521 897 605 nean]
939 526 1067 587 Vbertas
1086 529 1196 588 fertilis

185 617 288 696 glebae
316 634 375 675 non
403 616 551 692 decipiens
579 635 661 693 spem
685 616 797 675 domini
818 617 868 675 uel
890 617 1021 676 laborem
1044 636 1119 694 agro
1143 637 1196 678 suo

150 706 362 782 opraestitum
393 704 509 764 beatior
541 707 585 764 est
616 706 712 764 multa
743 705 863 764 Africae
894 705 1075 782 patrimonia
1102 709 1198 783 possi·

185 795 272 852 dente
296 785 423 873 (AVot

275 874 426 943 30-32.
442 881 521 942 Ordo
540 886 597 942 est:
621 886 651 941 et
669 883 750 942 certa
767 882 839 942 fides
857 901 940 942 meae
959 883 1066 960 segetis
1079 883 1199 944 beatior

185 973 310 1048 imperio
333 971 441 1032 fertilis
459 971 577 1031 Africae
601 972 681 1031 fallit
703 971 867 1049 fulgentem
890 974 976 1046 sorte,
998 971 1076 1031 idest
1099 973 1198 1048 illum,

185 1063 237 1137 qui
259 1080 312 1138 per
335 1064 445 1120 sortem
467 1061 571 1138 fulget,
593 1079 652 1120 non
675 1064 796 1134 natura3
824 1079 894 1118 nam
917 1061 1051 1118 natcuale
1075 1063 1135 1134 est,
1162 1065 1199 1121 ut

135 1151 310 1226 requieque
332 1152 435 1226 paucis
459 1151 615 1209 contentus
639 1149 679 1206 sit
702 1140 819 1229 (1⁴ch

275 1231 333 1299 33.
380 1240 415 1296 In
444 1238 582 1298 Calabria
613 1240 713 1296 autem
745 1240 815 1296 sunt
842 1237 927 1296 fiores
956 1237 1104 1313 aptissimi
1134 1242 1197 1315 api-

186 1329 240 1388 bus
278 1323 316 1386 Γ
322 1328 351 1387 V

264 1321 378 1475 (manns
400 1435 520 1476 rnnvur
541 1409 633 1493 anns]
674 1415 731 1474 Per
753 1408 874 1473 ‘mella’
898 1417 987 1492 negat
1010 1433 1041 1472 se
1063 1416 1110 1473 uti
1129 1434 1198 1492 pos·

187 1508 315 1566 sessione
341 1504 495 1566 Calabriae
518 1496 604 1585 (AF
611 1506 638 1564 V
654 1523 688 1565 ec
704 1505 809 1577 Porplc

137 1607 183 1670 tt¹
277 1587 335 1655 34.
371 1612 431 1653 nnc
459 1611 663 1652 assumserim
690 1609 831 1653 alconus
859 1611 890 1650 ns
917 1586 1079 1670 misena]
1125 1593 1199 1651 For-

186 1684 287 1742 miana
310 1685 372 1741 siue
397 1683 510 1758 Sicula,
534 1685 565 1740 in
590 1683 699 1757 quibus
721 1683 794 1741 locis
819 1679 961 1756 Cyclopes
984 1681 1120 1755 fuerunt,
1144 1684 1200 1756 qui

186 1770 383 1848 Lestrygones
414 1771 599 1831 uocabantur
631 1763 795 1849 (Affatis
817 1771 853 1843 cf.
871 1771 978 1844 Porph.
1004 1771 1054 1828 obt
1081 1770 1200 1842 quidem

187 1878 236 1919 cac
263 1861 386 1932 ineptiae
413 1877 487 1932 quoe
513 1861 548 1917 de
570 1857 676 1916 Siculis
703 1864 729 1918 ct
753 1859 924 1933 Cyclopibus
950 1863 1113 1917 currantur
1136 1877 1199 1918 oon

187 1951 285 2006 extent

134 2048 168 2097 20
277 2027 335 2093 35.
373 2028 577 2112 nescvnscm]
618 2033 783 2093 Veterescit
806 2026 893 2116 (AF
910 2038 974 2095 stra
993 2037 1099 2109 Porplc

275 2141 335 2182 sno
354 2141 479 2182 enisum
498 2117 654 2201 sanarem]
684 2121 801 2182 Grossa.
832 2124 980 2184 Martialis
999 2117 1057 2203 (VI
1078 2128 1132 2200 11,
1149 2118 1201 2207 7):

322 2250 362 2308 Te
387 2247 515 2308 Cadmea
533 2248 637 2324 Tyrus,
661 2267 708 2306 me
731 2249 850 2326 pinguis
870 2247 969 2308 Gallia
991 2250 1082 2308 uestit
1101 2242 1200 2330 (Asu

278 2384 335 2452 37.
363 2409 537 2453 nseoarvrs
560 2409 665 2450 renus
688 2409 856 2451 rsvrsmas
879 2386 990 2470 saner]
1032 2392 1201 2467 lnportuna

187 2483 356 2557 pauperies,
393 2500 469 2556 quae
505 2484 681 2556 inportunos
717 2481 791 2540 facit
827 2483 856 2540 et
892 2481 1016 2540 odiosos.
1075 2480 1201 2542 Poterat

135 2581 169 2629 25
188 2575 288 2628 tamen
317 2571 452 2644 quaestio
477 2570 585 2644 uideri,
616 2588 676 2645 qua
700 2570 865 2628 crederetur
887 2573 976 2646 poeta
999 2569 1107 2628 dixisse
1130 2588 1201 2628 con-

187 2659 295 2731 traria,
326 2661 361 2716 ut
393 2676 459 2715 cum
491 2661 626 2734 superius
655 2678 685 2718 se
713 2659 820 2717 dixerit
845 2659 1032 2737 transfugam
1060 2659 1200 2735 diuitum,

187 2747 236 2806 hic
268 2747 348 2804 dicat
375 2745 432 2804 sibi
459 2748 631 2823 pauperiem
659 2747 773 2820 abesse3
806 2747 857 2806 sed
884 2751 1022 2807 conuenit
1048 2765 1102 2806 nec
1130 2765 1199 2807 con-

187 2838 315 2896 trarium
344 2838 401 2912 est,
432 2837 479 2910 ut,
512 2837 565 2911 qui
593 2835 720 2892 diuitum
747 2835 904 2913 transfuga
931 2839 989 2911 cst,
1020 2838 1199 2912 inportunus

277 3085 294 3132 4
318 3076 396 3148 glssse
419 3076 446 3130 A
554 3080 569 3129 5
594 3074 680 3129 africe
698 3076 725 3128 A
833 3081 849 3128 8
873 3075 947 3130 idest
962 3107 995 3115 -
1010 3076 1059 3146 sit]
1078 3093 1127 3131 om.
1143 3097 1163 3130 α

191 3153 223 3202 10
256 3149 374 3215 quisque
402 3145 450 3218 P']
478 3146 605 3214 quisquis
634 3147 696 3215 ch
803 3147 902 3216 paucis
929 3148 994 3218 cop]
1026 3147 1118 3216 parcis
1148 3148 1201 3204 P‘c

188 3235 276 3340 pertis
293 3272 320 3324 V
388 3276 420 3324 re
440 3271 500 3324 siue
517 3270 604 3342 rec]
623 3272 695 3325 uel
714 3287 763 3324 seu
778 3273 805 3325 V
873 3276 905 3324 rr
924 3271 1042 3340 conreg:
1063 3272 1091 3343 y]
1106 3272 1200 3326 rescri-

188 3357 274 3410 gones
293 3347 349 3394 cett.
423 3346 458 3394 20
475 3344 626 3396 ueterescit
644 3343 692 3410 Ay
707 3341 820 3412 Porph]
839 3342 991 3395 neterascit
1007 3360 1043 3395 rc
1117 3347 1149 3395 22
1169 3347 1201 3398 te

188 3411 304 3464 cadmea
330 3412 421 3481 tyrus]
449 3414 543 3466 tecum
572 3417 666 3482 etyrus
689 3414 737 3480 Ay
769 3415 862 3466 tecum
889 3413 967 3478 tyrus
996 3411 1097 3480 (tyriis)
1125 3415 1161 3467 rb

187 3481 274 3536 uestit
296 3483 311 3535 b
332 3480 487 3552 Martialis]
506 3485 594 3537 uertit
607 3485 665 3537 ΑΓ
788 3487 821 3534 23
840 3483 901 3550 inp:
917 3513 950 3520 -
965 3481 1087 3551 odiosos]
1106 3499 1157 3536 cm.
1169 3505 1198 3551 cc,

188 3554 289 3608 abscb
361 3556 395 3603 24
415 3550 527 3606 odiosus
546 3557 573 3607 A
