2612 3906
190 227 212 292 6
571 225 695 282 EXPOS.
710 225 820 280 METR.

188 395 359 456 choriambo
383 398 414 455 et
434 394 587 472 pyirichio
611 396 674 454 siue
696 395 803 454 iembo.
841 392 990 453 Secundus
1009 412 1080 452 uero
1103 412 1216 452 uersus

189 483 399 561 Asclepiadeus
432 487 489 559 est,
523 485 607 544 cuius
639 485 701 544 ism
731 485 764 542 in
795 485 892 560 prime
924 475 988 566 ,top
1019 481 1217 542 reddidimus

187 574 341 632 rationem.
401 572 537 649 Vsusque
575 575 620 632 est
654 573 710 631 hnc
745 574 834 631 metri
869 571 1083 648 compositione
1122 571 1217 630 ·XII·

188 663 307 719 tuntum
330 660 476 738 centibus,
501 665 533 720 ut
555 660 689 722 subiecta
710 661 930 720 monstrabunt:

349 766 398 826 Sic
420 770 451 826 te
474 766 546 826 dina
567 770 673 844 potens
697 765 788 843 Cypri

348 855 424 915 (ium
445 859 480 915 tu
502 855 599 932 Lydis
623 856 746 932 Telephi

347 945 445 1004 Mater
467 963 557 1004 sueus
580 943 760 1020 Cupidinum

347 1034 387 1092 ut
409 1036 476 1093 ture
499 1036 532 1092 et
551 1032 659 1092 fidibus
681 1035 769 1092 inunt

347 1122 449 1181 Donec
471 1125 574 1200 gratus
597 1140 679 1182 ernm
701 1123 758 1181 tibi

348 1210 432 1270 onr
452 1211 592 1289 pauperis
614 1210 690 1269 Ibici

349 1297 500 1369 Quentum
523 1299 615 1358 distet
636 1299 674 1358 ab
697 1298 808 1358 inacho

346 1388 472 1449 Intactis
495 1389 664 1465 opulentior

347 1477 411 1547 Quo
434 1499 481 1538 me
505 1478 620 1538 Bacche
643 1478 724 1553 repis
746 1477 793 1535 tui

346 1568 435 1627 Festo
459 1567 531 1644 quid
552 1567 653 1643 potius
677 1566 724 1624 die

347 1656 521 1715 Intermissa
543 1655 644 1713 Venus
668 1655 719 1712 diu

349 1742 442 1812 Quem
464 1746 499 1801 tu
522 1743 706 1818 Melpomene
729 1742 827 1800 semel.

274 1865 388 1935 Quarta
419 1857 482 1948 ᾠδή
514 1864 625 1924 dicolos
658 1867 703 1924 est
735 1865 910 1942 distrophos.
970 1863 1087 1925 Primus
1121 1869 1211 1927 enim
1288 1901 1290 1926 a

184 1973 298 2031 uersus,
321 1957 373 2031 qui
386 1953 593 2013 Archilochius
612 1953 731 2028 dicitur,
754 1958 871 2014 constet
889 1957 1063 2014 tetrametro
1081 1956 1208 2016 heroico

186 2047 217 2104 et
239 2044 334 2103 tribus
357 2038 554 2122 troch<e>eis
596 2040 748 2101 Secundus
771 2061 842 2102 uero
866 2046 1103 2120 pentimemerim
1125 2047 1208 2106 iem-

132 2145 167 2194 20
186 2133 283 2193 bicem
310 2133 414 2208 habet,
441 2135 472 2190 et
498 2131 637 2191 similiter
659 2133 720 2191 tres
743 2126 947 2211 troch<e>e0s
995 2132 1132 2210 Vsusque
1156 2137 1208 2194 est

185 2222 241 2280 hec
268 2222 357 2281 metri
384 2223 596 2297 compositione
623 2239 683 2280 uno
706 2223 826 2280 tontum
849 2224 952 2296 centu,
980 2224 1063 2281 cuiue
1085 2225 1206 2298 primus

185 2328 287 2370 uersus
311 2310 478 2387 adscriptus
502 2313 561 2370 est:

252 2415 387 2475 Soluitur
410 2419 485 2477 soris
507 2418 622 2492 hiemps
646 2420 734 2494 grets
757 2417 824 2475 uice
846 2417 925 2473 ueris
949 2419 980 2474 et
1001 2416 1125 2477 Fsuoni.

273 2538 384 2608 Quinta
416 2532 479 2623 ᾠδή
511 2538 632 2600 trioolos
661 2544 706 2599 est
732 2538 967 2613 tetrastrophos,
998 2541 1076 2599 idest
1102 2541 1203 2601 tribus

132 2641 166 2690 25
184 2629 341 2705 generibus
363 2631 451 2687 metri
474 2631 586 2704 scriptu
608 2647 626 2686 s
649 2631 757 2705 qnnrto
781 2627 863 2685 fecte
880 2628 1082 2702 replicatione.
1120 2630 1204 2690 Nam

185 2718 276 2793 primi
303 2718 361 2776 duo
388 2736 490 2778 uersus
517 2717 708 2793 Asclepiadei
735 2720 818 2790 sunt,
850 2718 957 2774 tertius
979 2716 1201 2796 Pheregretius,

186 2808 238 2881 qui
257 2811 375 2866 constet
393 2807 531 2882 spondeo,
555 2806 665 2864 ductile
684 2809 715 2865 et
736 2804 874 2881 spondeo,
893 2808 1018 2881 quercus
1037 2803 1199 2868 Glioonius.

184 2893 346 2971 Vtiturque
373 2896 430 2954 hec
456 2897 546 2956 metri
567 2895 780 2969 compositione
804 2896 924 2952 tantum
947 2893 1030 2951 ·VII·
1054 2895 1201 2973 centibus

186 3002 312 3059 quorum
334 2985 498 3061 primordie
520 2982 693 3043 subnoteui:

275 3175 289 3222 1
315 3169 476 3224 choriambo
503 3171 528 3243 c]
557 3186 615 3224 cor:
643 3166 700 3223 cett.
825 3186 903 3238 pyrr:
931 3165 994 3235 foy]
1023 3168 1094 3237 pirr:
1122 3189 1163 3239 yn

186 3241 518 3312 ifflhtyodpfodeu
573 3244 606 3294 10
620 3237 689 3292 ibici
702 3239 767 3310 fay]
782 3238 978 3308 ybioiyomc
1032 3244 1064 3291 11
1076 3239 1196 3310 distetc]

186 3311 274 3365 distat
292 3311 333 3378 ecs
348 3311 453 3366 distent
471 3313 509 3380 γᾷ
594 3316 626 3364 17
647 3311 722 3363 ωΔΕ
742 3331 758 3381 y
777 3310 830 3383 ode
847 3311 866 3378 f
879 3308 931 3361 ode
950 3324 969 3356 α
1042 3312 1075 3361 18
1108 3309 1198 3362 erchi-

184 3381 339 3453 loichinsy
364 3382 532 3437 erchiloicns
551 3381 591 3450 <xj
609 3379 766 3436 archilocus
783 3382 805 3450 f,
824 3385 924 3438 rectec
961 3443 967 3455 .
1009 3381 1042 3428 19
1060 3379 1198 3446 pentime-

185 3454 284 3509 merim
311 3454 346 3522 ej
378 3453 557 3523 pentimcrim
580 3474 596 3523 y
627 3452 824 3520 pentimcmeri
845 3451 864 3516 f
889 3446 1119 3514 pentnmemerem
1143 3468 1162 3500 α

186 3530 220 3577 24
239 3525 345 3593 (they
364 3526 417 3578 ode
435 3524 477 3589 af
545 3527 578 3575 26
592 3521 724 3592 phercgr:
741 3523 766 3594 e]
786 3523 889 3588 feregr:
908 3513 989 3582 γαί]
1062 3522 1094 3568 27
1109 3517 1196 3585 glico-

184 3595 249 3649 nius
267 3594 332 3665 γὴ]
353 3594 508 3664 gliconicns
526 3610 541 3647 c
559 3591 694 3645 cliconins
714 3612 732 3645 α
