2650 3920
552 199 661 256 CARM.
677 201 690 254 1
705 205 738 254 35

459 367 536 428 Gens
560 368 636 428 dura
658 371 750 445 atque
774 387 879 445 aspera
901 369 988 428 cultu

300 457 485 517 Debellanda
507 457 564 516 tibi
587 456 675 519 Latio
699 449 899 540 ost(A1⁷cV

233 591 290 660 ll.
326 617 494 666 nnsvuovn
521 617 642 658 sanans
666 594 887 679 enannaoevu]
927 599 1051 677 Proprie
1073 601 1152 660 enim

137 690 248 748 timere
270 688 340 748 filiis
363 691 494 747 matrum
517 691 563 748 est
585 681 719 770 (Am

229 777 405 854 Regumque
432 798 470 836 m.
492 769 566 858 (V)]
611 777 647 835 In
675 776 812 836 omnibus
840 776 1079 837 subaudiendum
1106 779 1152 836 est
1189 789 1205 836 5

138 860 314 925 ‘metuunt'
356 867 406 925 uel
448 860 588 925 ‘metuit'
629 868 715 925 iuxta
759 884 930 925 mensuram
970 867 1151 942 quantitatis

154 956 185 1012 Γ
191 955 235 1015 Vc
239 973 263 1028 p

138 948 154 1036 (
232 1035 290 1104 12.
330 1061 482 1103 nvanvnni
504 1037 547 1122 u]
593 1043 781 1118 Purpureum
804 1046 862 1117 est,
891 1043 972 1118 quod
995 1045 1094 1102 totum
1118 1063 1153 1102 ex

137 1150 277 1208 purpura
300 1135 345 1192 est
368 1124 417 1213 (eo
434 1123 554 1212 Porpt.)
577 1123 657 1212 (ΑΓ
664 1132 692 1192 V

136 1212 466 1390 VIIIIl{’›(.)81)n1va1oso
489 1239 529 1279 un
551 1239 632 1278 rann
651 1214 734 1299 nuo]
756 1220 882 1296 Iniusta
905 1211 1206 1301 ut(Ver9.Aco.10

254 1313 270 1368 1
338 1330 346 1368 ι

302 1427 376 1512 [Ibi]
401 1452 470 1492 oum
493 1434 588 1491 Turni
610 1434 723 1493 iniuria
745 1435 879 1492 matrem.

139 1575 246 1636 Potest
269 1577 370 1634 autem
393 1575 515 1633 fortuna
538 1577 569 1632 et
586 1578 690 1634 contra
708 1575 858 1633 iustitiam
876 1575 1009 1633 crassari,
1047 1574 1153 1632 Teren-

138 1666 203 1724 tius
228 1656 356 1746 (adelph.
376 1662 440 1738 12,
460 1654 619 1745 24-26):

237 1811 239 1814 -
674 1770 722 1828 Tu
744 1789 823 1829 nuno
846 1769 903 1829 ubi
1174 1779 1207 1828 15

302 1858 337 1917 Id
360 1859 445 1917 laudi
468 1857 561 1932 ducis,
584 1858 664 1934 quod
688 1861 760 1918 tunc
782 1859 881 1918 fecisti
902 1855 1025 1934 inopia?

303 1948 453 2006 Iniurium
475 1952 521 2006 est
543 1939 622 2029 (ΑΓ
628 1949 656 2010 V

234 2081 293 2150 16.
339 2106 551 2154 runnarvuovn
587 2083 745 2168 naauoun]
789 2089 855 2148 Aut
889 2089 962 2164 quia
997 2087 1157 2164 imperium

142 2197 262 2254 semper
284 2178 393 2254 fragile
416 2179 552 2253 putatur,
576 2180 629 2236 aut
652 2179 724 2252 quia
746 2196 872 2254 magnae
895 2194 941 2236 res
961 2175 1157 2236 deterioratae

143 2270 174 2328 et
196 2267 314 2326 fractae
339 2265 489 2339 d‘euntn,
512 2269 548 2324 ut
569 2265 722 2343 Vergilius
746 2257 996 2347 (Aea.11170):
1175 2275 1209 2323 20

304 2390 430 2449 Fractae
452 2391 541 2464 uires,

143 2537 175 2595 et
198 2532 272 2592 alibi
296 2525 382 2614 (Aen.
402 2532 434 2590 H
454 2524 524 2613 13):

303 2658 405 2717 Fracti
426 2657 504 2717 bello
530 2649 607 2738 (ΑΓ
614 2657 642 2717 V

235 2791 293 2860 17.
336 2818 417 2858 anna
439 2793 485 2877 1u]
531 2798 686 2859 Praecedit
708 2800 796 2875 quasi
818 2798 985 2857 Necessitas
1009 2815 1105 2857 comes
1127 2801 1159 2855 et

144 2890 282 2948 ministra
307 2888 472 2963 Fortunae,
500 2891 536 2946 ut
563 2891 608 2947 est
630 2887 707 2946 illud
730 2887 857 2964 Vergilii
881 2878 968 2967 (Aeo.
988 2885 1046 2943 XII
1065 2877 1158 2968 336):
1177 2897 1211 2945 25

306 3011 433 3088 Iraeque
455 3011 651 3087 insidiaeque,
675 3012 722 3070 dei
745 3013 914 3086 comitatus,
939 3013 1071 3088 aguntur

147 3092 293 3182 (AraV

235 3292 450 3357 spurpurpura
463 3287 491 3340 A
564 3292 596 3340 12
615 3286 656 3340 ibi
673 3289 736 3354 fort.
757 3291 846 3341 onum
864 3292 902 3340 eet
915 3303 948 3340 eo
967 3328 973 3340 .
990 3327 1017 3340 ..
1038 3288 1067 3340 et
1081 3283 1159 3350 alibi,

146 3360 180 3426 cs.
200 3358 249 3413 lio.
271 3364 305 3412 22
394 3363 426 3411 13
447 3357 564 3410 crassari
582 3358 641 3411 AF
649 3359 720 3430 ch]
739 3355 862 3428 grassari
881 3358 952 3422 edit,
971 3358 1018 3411 sed
1036 3358 1070 3424 cf.
1086 3372 1160 3411 cras·

149 3432 224 3484 sator
248 3430 306 3484 sae.
325 3430 362 3496 fr.
382 3429 460 3498 opud
481 3427 548 3481 Geli.
564 3427 602 3480 XI
616 3435 675 3496 2,5
805 3433 837 3481 19
856 3445 958 3497 magne
976 3429 1004 3482 A
1112 3426 1160 3481 de-

147 3499 329 3555 tererioratae
347 3501 375 3554 A
448 3503 482 3552 20
500 3497 575 3568 uirg:
597 3502 658 3556 PV
726 3505 759 3554 26
778 3499 890 3554 fortune
908 3501 936 3554 A
989 3499 1023 3552 ut
1040 3499 1159 3553 est-u:

149 3571 231 3642 Arc]
249 3573 331 3624 utu:
351 3573 402 3640 yV
470 3568 535 3623 illut
553 3572 580 3625 A
651 3571 766 3642 uergilii
784 3572 824 3643 A]
843 3571 918 3639 uirg:
938 3577 995 3626 cett.
