2674 3922
526 235 635 291 CARM.
647 235 700 290 llll
713 241 728 289 9
1062 235 1125 300 357

116 407 169 466 uel
193 408 345 482 quianon
368 406 431 464 sole
453 406 568 464 Helene
591 407 705 466 amauit
727 403 879 478 Paridem3
906 423 976 461 nem
998 405 1029 462 et
1052 402 1128 461 aliae

116 496 226 554 similis
250 495 353 571 cnlpae
376 495 505 570 fuerunt,
528 495 578 553 sed
599 495 694 572 magis
712 495 785 552 haec
803 493 917 552 famosa
936 494 981 551 est
999 492 1128 551 carmine

116 588 275 663 poetarum
299 575 378 664 (AV

212 682 268 750 17.
291 707 466 755 enmvsovn
484 682 618 768 curcur]
661 689 829 747 Telamonis
847 689 926 748 filius
945 688 982 747 ab
1000 687 1129 754 Homero

116 780 271 838 inducitur
289 780 407 856 sagittis
425 778 603 856 peritissime
623 796 706 852 usus3
730 776 858 837 Oidoneo
878 779 977 836 autem
997 775 1129 836 Cretensi
1166 787 1181 834 5

117 888 136 926 a
171 867 301 927 Cidenea
332 868 468 943 ciuitate,
504 866 557 925 ubi
586 869 716 942 primum
748 865 783 924 de
815 864 960 942 pecudum
992 865 1128 925 comibus

118 975 206 1016 arcus
229 957 328 1016 ornati
351 960 428 1031 sunt,
451 959 486 1015 ut
509 948 612 1037 (Vcr'y.
631 956 679 1014 ccl.
702 957 751 1030 10,
771 956 821 1014 59.
842 946 912 1036 60):

705 1077 834 1138 Oidonea
858 1097 948 1138 cornu

270 1167 400 1246 Spicula
423 1161 501 1250 (AV

120 1395 199 1482 (AV
212 1304 268 1372 18.
292 1329 353 1371 non
373 1305 486 1389 suman]
517 1310 565 1369 Ab
579 1310 706 1370 Hercule
725 1311 804 1370 enim
823 1312 891 1368 ante
910 1327 1013 1368 euersa
1030 1309 1129 1368 fuerat
1150 1319 1183 1369 10

215 1403 279 1459 sim.
294 1403 323 1458 Γ

209 1501 304 1585 imos]
345 1507 385 1565 Et
409 1502 496 1565 ‘haec
519 1500 607 1566 Ilios'
632 1509 662 1564 et
685 1499 757 1565 ‘hoc
778 1498 886 1563 Ilium'
910 1498 988 1585 (AV

212 1606 269 1675 19.
310 1631 371 1672 non
403 1631 557 1673 rusulum
587 1604 712 1689 monus]
760 1610 817 1670 Sed
843 1611 876 1668 hi
903 1611 1033 1670 carmine
1059 1629 1130 1685 prae

121 1703 225 1763 ceteris
249 1704 331 1778 clari,
353 1705 390 1761 ut
413 1693 516 1783 (Vere.
534 1700 608 1760 Aera
628 1701 659 1758 H
680 1692 772 1781 261):

280 1825 467 1886 Thersandru
491 1824 685 1900 Stenelusque
708 1823 803 1882 duces.
1150 1835 1183 1882 15

123 1968 257 2029 Stcnelus
281 1973 380 2029 autem
404 1967 535 2045 Oepenei
558 1972 588 2028 et
610 1967 751 2027 Euadnes
774 1966 852 2025 filius
875 1967 935 2026 fuit
957 1958 1036 2046 (AV

210 2069 269 2136 22.
292 2069 430 2154 necron]
468 2073 628 2134 Ostendere
651 2075 731 2134 uult:
754 2075 825 2134 licet
847 2073 935 2132 multi
957 2074 1017 2132 uiri
1039 2073 1130 2133 fortes

122 2166 254 2239 fuerunt,
281 2164 349 2223 illos
376 2168 476 2224 tamen
505 2164 647 2224 celebrari
668 2164 763 2238 fama,
792 2180 865 2238 quos
889 2161 1131 2222 commendauere

121 2256 267 2330 poemata.
308 2253 387 2310 Nam
409 2272 463 2312 nec
486 2253 565 2314 solus
583 2253 695 2312 Hector
718 2254 747 2310 et
765 2251 937 2326 Deiphobus
959 2268 1014 2325 pro
1032 2252 1132 2326 patria

121 2341 286 2417 perierunt,
317 2340 367 2398 sed
390 2341 433 2399 hii
455 2343 550 2418 magis
575 2340 753 2399 carminibus
776 2338 841 2398 noti
864 2341 940 2397 sunt.
988 2336 1132 2396 Similiter
1150 2349 1184 2396 20

122 2433 152 2487 et
184 2429 253 2486 anto
281 2428 532 2505 Agamemnonem
560 2430 641 2504 peris
668 2428 790 2486 uirtutis
817 2427 916 2502 plures
944 2425 1049 2500 fuisse,
1081 2427 1131 2486 sed

121 2516 227 2578 nesciri
255 2517 387 2590 silenti03
419 2520 449 2576 et
476 2516 542 2575 ideo
571 2534 601 2575 se
630 2515 668 2574 ad
696 2514 880 2574 scribendum
907 2515 1041 2591 priorum
1065 2534 1131 2575 con-

121 2607 220 2666 firmat
242 2605 382 2682 exemplis
406 2597 484 2685 (AV

211 2706 269 2773 23.
305 2727 436 2770 nxcnnm
459 2706 563 2790 murs]
604 2710 646 2770 Vt
669 2703 1019 2791 (Ver9.Acu.V1494.
1040 2702 1131 2790 495)-

652 2852 828 2912 Laceratum
851 2871 972 2930 corpore
995 2856 1059 2912 toto
1150 2863 1183 2911 25

282 2941 471 3019 Deiphobum
493 2940 577 3002 uidet
599 2934 678 3024 (AV

210 3191 225 3238 o
246 3185 363 3238 cidoneo
374 3184 431 3254 Vp]
450 3182 562 3237 cidonio
577 3186 623 3237 Ac
694 3187 710 3234 8
730 3182 848 3236 cidonea
867 3198 951 3236 cornu
963 3182 995 3252 p]
1015 3179 1132 3236 cidonee

124 3257 199 3310 comi
218 3257 245 3309 A
269 3255 382 3308 cidonia
400 3271 486 3308 cornu
507 3256 543 3310 Vc
652 3259 684 3306 13
702 3253 733 3307 hi
751 3253 801 3324 cp]
819 3253 866 3305 hic
886 3255 912 3307 V
926 3253 955 3306 in
973 3255 1001 3308 A
1073 3269 1132 3307 car-

124 3327 197 3380 mine
211 3329 239 3381 A
313 3331 345 3378 15
365 3325 514 3393 stenelurq.
530 3325 570 3396 A]
589 3325 767 3393 stelennrque
778 3325 837 3392 ch
910 3329 942 3377 16
957 3325 1078 3379 stenelus
1092 3325 1132 3396 A]

126 3397 246 3452 stelenus
267 3399 303 3453 Vc
322 3397 460 3452 steleneus
479 3415 498 3464 p
570 3411 697 3467 euuanne
716 3399 743 3449 A
762 3395 870 3449 euadne
890 3396 927 3450 Vc
945 3397 1067 3478 euandrp
1075 3414 1097 3464 p

128 3474 157 3522 19
176 3469 273 3541 hector
292 3468 319 3521 A
405 3467 562 3538 deiphobus
580 3468 620 3537 A]
639 3467 794 3534 deiphebus
814 3467 873 3534 ch
981 3472 1015 3521 20
1032 3467 1074 3520 hri
1094 3469 1132 3538 V]

125 3539 192 3594 hiA
263 3539 354 3609 magis
364 3541 404 3611 A]
414 3557 464 3596 om,
473 3541 533 3608 ch
605 3537 910 3608 21fuisseplnrechp
982 3539 1133 3612 erschp]

129 3627 177 3664 om.
193 3614 220 3665 A
292 3617 325 3665 26
343 3612 424 3666 uidet
441 3612 481 3683 A]
500 3612 561 3667 uV
575 3610 650 3664 uidit
668 3627 702 3678 cp
