2612 3906
218 211 262 274 74
550 211 739 267 EXPOSITIO
758 212 797 266 IN
815 211 899 266 HOR.

308 372 366 440 12.
402 399 545 440 rvsrrrsn
567 374 647 459 ress]
690 379 751 440 Aer
773 381 893 456 pluuius
917 372 1034 460 (Al'oeo

305 469 425 528 *Ruons
449 461 535 550 (cp)]
577 469 735 545 Inpetuose
758 471 878 528 ueniens
902 462 1006 550 (Puoc
1009 488 1033 543 p

306 566 363 635 18.
387 593 506 634 unsrun
529 569 745 654 Pacuuianus]
772 575 817 634 De
835 575 939 634 fabula
956 594 1056 634 sensus
1073 578 1235 651 praesenti

214 663 373 724 intentioni
400 667 580 724 necessarius
609 667 765 740 conceptus
795 667 846 724 cst.
899 665 953 723 Ait
980 666 1079 723 autem
1107 664 1236 724 Prome

177 755 328 828 turcum,
360 771 426 812 cum
459 754 530 812 limo
558 754 691 812 homines
718 753 854 832 fingeret,
886 755 998 813 iussum
1026 773 1060 812 ax
1087 755 1235 813 omnibus

214 840 391 900 animalibus
419 843 595 918 particulas,
626 846 716 918 prout
744 845 808 902 erat
835 862 936 902 eorum
959 846 1079 916 natura,
1111 843 1235 902 homini

214 949 371 1006 apponere,
395 931 473 990 unde
497 927 575 989 ‘uim
602 932 696 990 leonis
719 926 1091 1008 stomaoho'apposuisse'‚
1113 931 1232 1016 idcirco

213 1019 293 1096 quod
323 1021 478 1079 iracundia
509 1021 606 1098 magis
638 1021 839 1080 accendamur.
894 1021 1043 1079 Timorem
1075 1039 1093 1078 a
1126 1021 1232 1096 lepore

211 1111 339 1184 ponunt,
377 1127 395 1167 a
430 1110 521 1185 uulpe
558 1112 701 1168 astutiam
733 1112 888 1184 ceteraque
921 1127 939 1166 a
970 1109 1092 1184 reliquis
1127 1101 1230 1190 (ΑΓα

160 1207 403 1346 NCM-2313&
431 1291 488 1347 est:
524 1287 619 1345 fertur
641 1285 832 1344 Prometheus
860 1289 979 1345 coactus
1008 1286 1116 1344 addere
1144 1270 1227 1361 pirin-
1281 1317 1282 1334 .

212 1378 273 1453 cipi
290 1378 362 1436 limo
380 1377 560 1452 particulam
579 1376 726 1434 desectam
744 1375 874 1450 undique
893 1378 923 1434 et
937 1375 1108 1451 adposuisse
1123 1379 1226 1434 nostro

212 1467 365 1527 stomacho
388 1467 450 1524 uim
473 1467 571 1524 insani
593 1465 685 1524 leonis
709 1456 792 1545 (I'oc
806 1482 860 1522 om.
869 1483 894 1538 p

303 1565 361 1633 13.
387 1564 445 1632 14.
477 1590 612 1632 rnnronu
637 1565 726 1651 aruo]
770 1568 834 1639 Quo
861 1573 991 1647 primum
1013 1573 1100 1631 homo
1125 1573 1222 1630 factus

159 1671 192 1720 11
212 1665 257 1721 est
280 1660 358 1744 (ΑΓ

300 1745 401 1828 [*Hoc
423 1752 468 1807 est
491 1749 589 1807 Adam
612 1742 666 1830 (ΙἾ

301 1847 358 1914 15.
394 1872 590 1914 ruarrcvnau
612 1871 748 1919 vunrovn
771 1849 948 1933 nnsucrnu]
996 1851 1087 1922 Quasi
1109 1855 1163 1930 qui
1187 1874 1220 1913 er
1282 1857 1283 1868 ¹

208 1944 311 2004 multis
333 1943 482 2002 hominem
506 1945 692 2019 conposuerit
715 1935 833 2024 (APuc
837 1961 861 2016 p

301 2041 358 2109 17.
380 2065 459 2106 raus·
476 2065 627 2106 nmnsrnu
650 2065 755 2107 nxrrro
778 2043 885 2127 casm]
909 2049 1017 2107 Atreus
1037 2051 1066 2107 et
1085 2049 1218 2108 Thiestes

154 2147 189 2197 20
209 2139 316 2198 fratres
347 2137 476 2196 fuerunt.
533 2137 642 2196 Atreus
674 2157 795 2196 uxorem
827 2138 928 2196 fratris
959 2138 1131 2212 incastauit‚
1167 2138 1216 2196 ille
1283 2189 1284 2200 ,

207 2227 285 2287 filios
304 2229 366 2287 eius
384 2228 466 2302 patri
485 2226 645 2302 epulandos
664 2228 773 2302 posuit,
792 2226 870 2302 quod
889 2226 982 2285 scelus
1002 2228 1032 2285 ct
1050 2227 1094 2284 sol
1107 2227 1216 2304 fugisse

207 2321 347 2377 narratur
367 2308 447 2397 (AF
456 2333 531 2374 cona.
546 2333 634 2389 coep

299 2417 356 2485 18.
376 2417 562 2501 sunrsn[a]n
583 2416 713 2501 oavseu]
749 2415 947 2500 [Extiterunt]
966 2441 1059 2498 usque
1078 2422 1117 2480 ad
1135 2442 1215 2482 cuer·

207 2515 320 2572 sionem
343 2504 496 2593 (Ar(yo)
507 2530 549 2586 cp

152 2631 187 2680 25
297 2611 355 2679 21.
374 2636 622 2684 masmannrovn
640 2633 732 2676 nunus
751 2633 882 2674 uoaurnu
901 2611 1058 2696 sacravit]
1084 2616 1214 2677 Conden-

207 2709 252 2767 dis
281 2711 369 2784 atque
398 2707 564 2766 auertendis
592 2705 764 2764 ciuitatibus
787 2705 860 2764 haec
884 2706 1061 2765 consuetudo
1085 2708 1156 2783 fuit,
1182 2711 1215 2767 ut

206 2800 340 2856 aratrum
363 2796 526 2870 duceretur,
548 2794 600 2852 ubi
622 2795 700 2852 muri
719 2796 773 2852 aut
790 2793 916 2852 fuissent
935 2798 987 2853 aut
1003 2795 1108 2855 fierent
1126 2789 1213 2879 (cous.

205 2879 334 2970 Porpt.).
379 2885 528 2962 Vergilius
551 2875 641 2964 (Aen.
659 2883 687 2940 V
708 2874 799 2963 755):

294 3099 310 3145 2
325 3095 386 3162 inp:
407 3093 475 3162 pop]
490 3091 653 3160 inpectuose
668 3109 686 3141 α
704 3088 891 3156 impetuosas
963 3093 979 3140 4
993 3089 1149 3144 intentione
1162 3112 1178 3162 p

205 3165 220 3214 9
240 3166 359 3235 ponunt]
378 3164 459 3233 ponit
473 3183 491 3216 α
509 3161 605 3232 posuit
622 3177 659 3229 cp
745 3164 778 3212 12
794 3159 863 3229 adp:
880 3161 908 3231 y]
924 3160 1088 3230 apposuisse
1101 3179 1178 3218 racc

206 3237 239 3285 14
257 3233 380 3302 primum
394 3235 453 3305 Ay]
473 3233 609 3304 primusr
682 3235 714 3284 17
730 3230 812 3300 quasi
826 3249 844 3300 q
859 3233 897 3304 A]
917 3232 999 3301 quasi
1015 3235 1084 3301 Pup
1102 3233 1177 3301 quic

205 3309 238 3358 18
258 3320 374 3374 conpos:
394 3308 421 3376 p]
440 3322 566 3376 compos:
585 3310 643 3359 cett.
727 3307 761 3356 20
776 3303 869 3356 aucus
884 3303 1020 3374 APccop]
1034 3303 1176 3359 thiertssc

203 3380 237 3429 21
266 3377 362 3444 posuit
388 3377 448 3447 Ay]
477 3376 610 3447 apposuit
636 3391 717 3443 racp
825 3379 859 3427 23
887 3374 1052 3445 extiterunt]
1080 3393 1129 3430 om.
1149 3379 1175 3431 A

191 3453 237 3507 «21
253 3449 378 3500 aratrum
391 3478 426 3488 -
439 3448 539 3502 fierent
552 3449 607 3572 Ka
622 3447 714 3502 aratro
733 3445 833 3500 fierent
845 3444 921 3499 codd.
928 3465 938 3509 ;
956 3446 1046 3499 locum
1058 3454 1207 3516 corruptam

203 3521 371 3573 correximus
388 3519 495 3573 conlato
512 3522 589 3586 Pocp
607 3521 703 3588 pricos
778 3522 813 3571 28
831 3531 912 3584 uarg:
929 3545 961 3554 -
977 3514 1059 3584 οἰκος]
1078 3534 1127 3571 om.
1142 3537 1174 3574 oc

202 3592 273 3659 uer&
287 3589 326 3658 A]
344 3590 377 3640 ut
394 3588 459 3655 uir}
476 3608 495 3639 α
522 3588 597 3654 uirg:
617 3595 674 3641 cett.
