2650 3920
515 267 623 323 OARM.
638 269 664 322 H
678 274 701 322 5.
718 275 734 323 6

526 540 642 600 GARM.
663 543 693 600 H
713 545 731 602 6

209 701 336 742 mssavu
360 701 532 744 sspcmcvns
556 676 655 766 (Asc

212 765 245 832 l.
270 789 392 830 sacrun
416 790 516 831 censs
540 791 568 831 Α.
588 767 634 851 u]
667 773 845 850 Septimium
868 776 1000 850 equitem
1022 775 1130 834 Roma-

120 882 203 935 num,
228 862 356 920 amicum
379 864 409 920 et
432 863 663 921 commilitonem
686 882 783 937 suum,
805 864 861 922 hac
884 862 939 922 ode
958 864 1131 940 alloquitur,

119 952 170 1010 oui
196 969 228 1010 se
251 953 337 1009 tanta
359 950 474 1027 gratiae
496 951 713 1010 necessitudine
736 953 849 1012 fatetur
872 952 1062 1027 adstrictum,
1087 957 1132 1027 ut,
1169 965 1185 1012 o

119 1041 146 1098 si
170 1039 258 1112 uelit,
287 1038 325 1098 ad
347 1039 470 1098 ultimas
493 1039 598 1098 mundi
621 1043 754 1100 nationes
777 1043 821 1099 ire
844 1059 875 1100 se
898 1060 966 1100 cum
989 1060 1023 1102 eo
1045 1060 1131 1118 posse

120 1128 288 1204 promittat.
325 1127 474 1186 Hortatur
496 1130 605 1203 tamen,
628 1132 663 1188 ut
686 1130 856 1206 gratissima
879 1130 935 1189 sibi
955 1130 1021 1189 loca
1039 1131 1133 1207 eligat

119 1215 241 1276 Tiburis
265 1220 297 1274 et
314 1215 445 1290 Tarenti,
469 1235 597 1292 quorum
618 1220 648 1276 et
666 1218 875 1278 amoenitatem
898 1218 1004 1278 laudat
1023 1211 1101 1299 (ΑΓ
1107 1220 1134 1279 V

118 1323 196 1364 cous.
214 1305 320 1376 Porpb.

209 1410 333 1451 sunsnss
365 1387 479 1471 aenas]
524 1393 645 1453 Insulae
677 1397 747 1453 sunt
773 1395 937 1471 Hispaniae
964 1395 996 1452 in
1023 1396 1132 1456 ultima
1152 1408 1185 1455 10

118 1484 206 1560 parte
229 1480 338 1541 Oceani
362 1473 493 1562 (APuV
691 1544 692 1548 ,

211 1562 244 1630 2.
287 1587 472 1632 cencessum
498 1587 658 1630 mnocsvu
685 1589 704 1628 1.
723 1589 750 1628 s.
769 1565 812 1648 u]
864 1569 941 1631 Gens
968 1572 1132 1648 Hispaniae

117 1663 185 1720 siue
218 1651 285 1741 (soc.
304 1651 423 1740 Porpb.)
452 1657 568 1718 Galliae
599 1659 726 1718 necdum
754 1679 773 1718 a
799 1659 941 1720 Romanis
968 1662 1064 1736 uicta,
1096 1662 1132 1720 de

117 1767 182 1824 qua
204 1747 344 1807 Lucanus
369 1740 426 1828 (VI
446 1749 517 1807 258.
539 1740 631 1828 259):

492 1855 549 1913 Vel
572 1855 597 1914 si
620 1855 676 1914 tibi
698 1857 784 1934 terga
807 1854 936 1915 dedisset
1151 1868 1184 1916 15

282 1942 436 2002 Cantaber.

120 2065 206 2126 Hanc
230 2067 388 2145 Augustus
410 2070 514 2144 postea
537 2068 693 2144 superauit
716 2060 847 2148 (APcV

117 2148 246 2326 (Mil.
283 2151 458 2235 nannenus]
502 2156 700 2233 Inhospitales
728 2159 850 2234 propter
871 2159 1018 2216 incertum
1040 2160 1132 2218 maris

210 2350 316 2391 ulvae
349 2327 496 2412 [scursa]
538 2333 595 2392 Pr0
618 2333 776 2408 Africana,
799 2335 871 2409 quia
893 2337 1022 2409 utraque
1045 2333 1132 2393 Libia
1151 2347 1186 2395 20

117 2421 232 2480 dicitur
256 2413 432 2503 (Aerr'cn.
450 2422 556 2494 Porpb.

211 2503 245 2571 5.
287 2529 379 2570 sinus
401 2528 504 2569 anano
529 2508 568 2586 c]
615 2510 696 2570 Idest
719 2530 737 2570 a
760 2508 879 2570 Graecis
902 2510 1068 2586 conditum,
1097 2516 1133 2572 ut

118 2590 225 2680 (Varo.
245 2596 318 2658 Aee.
332 2599 392 2656 VH
412 2591 503 2680 672):

280 2704 397 2783 Argiua
418 2707 561 2764 iuuentus
586 2697 663 2785 (AF
786 2701 788 2704 ’

213 2822 245 2891 7.
287 2846 335 2888 sm
358 2846 461 2889 uonvs
484 2823 595 2908 nesso]
639 2829 763 2888 Modum
784 2829 873 2890 finem
897 2831 973 2890 dixit
994 2831 1131 2891 laborum
1151 2845 1186 2893 25

119 2909 211 2998 (cons.
234 2911 368 2999 Papa),
405 2922 441 2977 ut
477 2917 579 2978 eadem
611 2917 697 2978 domo
729 2923 759 2978 et
791 2924 938 2979 senectam
970 2925 1071 2997 ageret
1102 2925 1133 2982 et

120 3008 219 3066 uitam
240 3003 340 3066 finiret
364 2999 442 3087 (AF
449 3008 477 3066 V
1157 3012 1159 3017 ’

211 3088 245 3156 9.
283 3090 380 3174 vunn]
420 3095 449 3154 A
472 3114 540 3171 quo,
563 3095 641 3156 idest
664 3115 682 3155 a
704 3096 814 3155 Tibure
839 3089 916 3178 (ΑΓ
923 3098 951 3157 V

210 3281 373 3337 trafficum
387 3286 437 3353 Ay
457 3282 602 3352 saphicum
620 3301 659 3338 roc
731 3283 910 3337 taetrictum
924 3286 972 3339 rV
1039 3289 1132 3353 6pro-

119 3353 217 3407 mittat
230 3369 311 3422 posse
333 3355 393 3422 ch
464 3354 677 3408 Samenitatem
690 3355 719 3407 A
792 3360 823 3407 17
838 3355 912 3408 hanc
927 3387 960 3394 —
975 3355 1131 3427 superauit]

121 3441 203 3480 ouer
275 3430 308 3478 18
326 3423 461 3480 barbaras
486 3425 524 3495 V]
543 3423 664 3478 barbara
682 3426 711 3478 A
781 3424 960 3495 inhospitalis
974 3428 1002 3479 A
1020 3426 1133 3481 innabi-

120 3494 254 3549 tabilisr
325 3496 451 3566 propter]
470 3501 509 3565 1515
524 3496 551 3550 A
623 3500 657 3548 20
676 3511 786 3564 semper
800 3497 827 3550 A
845 3498 929 3552 craV
997 3503 1030 3552 28
1045 3513 1062 3551 a
1077 3515 1132 3566 quo

122 3565 196 3638 idest
215 3568 274 3619 at:
294 3566 355 3636 Ay]
374 3567 448 3620 idest
467 3583 483 3620 a
502 3583 557 3634 quo
577 3565 684 3620 scilicet
702 3568 726 3619 t:
746 3585 761 3621 r
789 3583 805 3620 a
824 3583 879 3635 quo
899 3567 1006 3622 scilicet
1024 3583 1041 3620 a
1059 3571 1085 3622 t:
1110 3571 1138 3625 V

122 3653 139 3690 a
157 3639 183 3691 t:
199 3653 229 3705 p,
249 3643 334 3692 totum
351 3639 430 3693 sobet.
445 3655 526 3694 oruc
