2612 3906
174 177 213 232 VI
574 177 778 232 PRAEFATIO

172 347 357 418 correxisset,
385 365 512 421 usquam
538 347 748 422 praetermissa
775 348 827 406 eit:
861 366 919 422 quo
946 346 981 404 fit
1007 347 1057 420 ut,
1091 347 1207 421 quoad

173 436 255 494 extet
277 436 367 493 codex
390 433 428 509 A,
451 454 537 493 nemo
561 455 621 494 non
642 436 731 511 plane
754 436 863 510 uideat,
887 438 918 494 et
940 454 1016 510 quae
1037 435 1206 496 lemmata

172 526 203 582 et
227 543 315 598 quem
337 525 452 582 textum
476 523 613 582 exhibeat
634 523 848 584 Pseudacronis
872 525 963 583 codex
985 525 1076 602 longe
1104 543 1207 598 prae-

171 613 379 672 stantissimus.
429 612 538 671 Deficit
564 613 634 671 inde
661 611 699 670 ab
726 613 885 688 epod.15‚
907 617 922 672 1
954 614 1033 688 quod
1059 613 1207 686 quidem

172 703 298 760 maxime
321 703 367 760 est
389 701 556 762 dolendum.
592 701 837 762 Interlinearibus
860 721 934 777 quas
953 703 1053 762 dicunt
1075 703 1205 779 glossis

172 792 291 848 omnino
315 792 404 850 caret.

260 879 412 939 Secundus
444 881 513 954 post
545 899 612 938 eum
640 881 758 940 excellit
785 880 860 939 liber
889 881 974 940 V=
993 879 1053 939 cod.
1073 879 1202 938 Horat.

171 985 335 1046 Vaticanus
353 986 530 1046 Vrsinianus
554 979 641 1066 (clim
665 979 851 1068 Gelotianus)
877 989 961 1046 3257
986 987 1100 1046 saeculi
1122 985 1202 1045 ΧΠ.

171 1074 267 1134 Huius
300 1076 408 1135 codicis
440 1075 618 1152 marginales
649 1076 857 1136 tantmnmodo
890 1076 1027 1152 exscripsi
1054 1075 1202 1132 adnota-

171 1163 281 1238 tiones,
304 1166 413 1239 quippe
437 1181 512 1236 quae
536 1181 603 1220 eum
626 1163 688 1221 cod.
707 1161 738 1221 A
760 1166 869 1222 mirum
892 1167 1035 1238 quantum
1058 1182 1200 1222 consen-

170 1253 263 1328 tiant3
295 1270 348 1310 nec
374 1254 475 1310 tamen
503 1270 603 1311 omnes
631 1253 721 1310 attuli
744 1254 898 1328 lectiones,
928 1253 977 1322 sed
1000 1271 1049 1312 eas
1072 1253 1200 1324 solum,

172 1360 247 1416 quae
270 1340 309 1398 ad
327 1340 566 1400 constituendum
584 1359 687 1400 uerum
705 1344 875 1401 contextum
894 1343 1016 1401 alicuius
1035 1342 1200 1400 momenti

172 1448 233 1488 esse
260 1429 450 1504 uidebantur,
482 1449 564 1489 mere
591 1429 708 1488 librarii
734 1431 841 1489 menda
863 1431 944 1506 typis
966 1429 1110 1488 mandare
1139 1449 1197 1488 su-

171 1518 361 1593 persedimus.
416 1516 554 1578 Getarum
585 1520 671 1577 illum
704 1521 756 1593 qui
788 1519 918 1579 codicem
948 1519 1068 1593 scripsit
1098 1517 1195 1576 haud

171 1609 234 1665 sine
265 1607 422 1686 diligentia
451 1627 572 1666 munere
599 1627 651 1667 suo
679 1607 814 1666 functum
842 1627 903 1667 esse
929 1608 1032 1666 multIs
1059 1607 1193 1664 indiciis

172 1695 306 1754 efficitur.
349 1696 407 1754 Sed
429 1714 482 1754 nec
504 1696 785 1770 interpolationibus
809 1697 927 1770 quidem
945 1697 1065 1754 omnino
1084 1697 1192 1768 caret;

172 1785 273 1858 itaque
296 1783 388 1842 libros
412 1783 481 1856 opt,
505 1785 679 1842 necessitate
703 1784 832 1859 quadam
855 1804 921 1844 cum
950 1785 978 1844 V
997 1785 1191 1858 coniunctos

171 1891 291 1947 prorsus
314 1889 451 1946 spernere
473 1891 533 1930 non
555 1873 648 1930 licuit.
689 1871 824 1932 Pertinet
844 1877 944 1932 autem
962 1875 1052 1934 codex
1076 1873 1189 1954 V'non

171 1962 289 2019 tantum
312 1961 351 2019 ad
374 1962 506 2020 carmina
529 1963 560 2019 et
582 1961 703 2037 epodos,
729 1981 833 2022 uerum
856 1965 946 2022 etiam
969 1963 1008 2022 ad
1030 1981 1188 2022 sermones

172 2051 374 2125 epistulasque
397 2051 428 2108 et
450 2052 546 2109 artem
567 2053 728 2127 poeticam,
753 2054 797 2110 ita
819 2053 920 2110 tamen
943 2054 977 2110 ut
999 2070 1094 2127 pauca
1117 2053 1188 2111 iam

172 2139 374 2197 desiderentur
401 2139 488 2215 folia,
517 2159 591 2215 quae
620 2141 690 2197 olim
718 2141 898 2200 continuisse
921 2141 1061 2198 uidentur
1083 2141 1186 2200 uitam

171 2226 288 2301 Horati,
311 2247 399 2287 carm.
419 2227 435 2286 Ι
455 2231 570 2302 1-17,
591 2229 630 2285 17
655 2231 685 2286 et
708 2231 792 2304 epist.
812 2229 890 2303 112,
911 2230 1071 2287 cta—cle.

258 2317 419 2376 Nonnullis
442 2319 523 2390 locis,
546 2317 598 2374 ubi
620 2319 673 2375 aut
696 2317 836 2377 deficiunt
858 2316 924 2377 AV
942 2320 996 2376 aut
1017 2318 1123 2376 menda
1147 2319 1183 2376 in

171 2424 221 2464 ecs
239 2407 396 2481 inrepsisse
416 2408 548 2481 apparet,
571 2407 812 2468 erecentioribus
827 2405 976 2466 codicibus
990 2407 1056 2482 opt,
1075 2425 1182 2481 quam-

172 2513 262 2568 quam
280 2495 319 2552 ad
336 2495 549 2570 interpolatam
565 2497 714 2570 quandam
727 2499 927 2556 recensionem
940 2495 1087 2554 referendi
1101 2498 1180 2569 sunt,

172 2583 302 2642 fructum
332 2585 483 2659 percipere
515 2585 593 2642 licet.
638 2584 680 2643 Hi
710 2587 781 2644 libri
807 2585 917 2643 Horati
943 2585 1036 2660 ipsius
1063 2585 1181 2642 textum

171 2691 231 2730 non
259 2672 409 2746 exhibent,
437 2673 488 2732 sed
515 2692 573 2731 uno
600 2675 702 2732 tenore
730 2675 840 2750 scripta
864 2673 976 2733 scholia
999 2673 1180 2732 Pseudacro-

170 2762 261 2820 niana
283 2762 431 2819 lemmatis
454 2763 660 2821 tantummodo
683 2764 859 2838 interrupta.

261 2848 357 2908 (lodex
377 2867 391 2908 c
409 2851 454 2909 est
467 2849 757 2912 Wolfenbuttelanus
777 2850 1049 2929 2821Augusteus
1068 2850 1119 2908 81.
1135 2849 1175 2908 31

171 2939 350 2998 chartaceus.
397 2938 512 2998 Desunt
543 2941 656 2999 scholia
687 2943 719 2998 in
748 2940 832 3016 epod.
854 2942 903 3014 17,
924 2941 1059 3000 53-81
1090 2941 1120 2998 et
1146 2939 1179 2996 in

171 3044 321 3120 epistulas.
368 3043 501 3119 Scriptus
525 3048 570 3105 est
593 3065 665 3107 saec.
685 3046 747 3104 XV.

260 3131 357 3192 (lodex
374 3150 399 3206 p
419 3158 460 3180 =
479 3133 632 3195 Parisinus
659 3133 787 3194 'Laeuus
821 3136 906 3194 7988
939 3133 1178 3194 membranaceus

171 3241 287 3302 saeculo
306 3241 381 3300 XIII
398 3240 519 3299 ineunte
533 3243 678 3302 exaratus.
716 3239 924 3304 Continentur:
948 3235 1178 3302 ‘rourmmoms

172 3346 365 3389 cueuuurrcr
405 3346 599 3389 uxrauuurro
636 3347 731 3390 surus
767 3348 896 3389 uomru
931 3346 1043 3390 rnucm
1078 3347 1178 3388 roura

170 3437 265 3478 nnucr
297 3435 469 3483 summove
501 3413 617 3477 opnna’
648 3421 678 3478 et
704 3418 772 3478 inde
800 3439 818 3478 a
846 3420 896 3477 fol.
918 3418 995 3475 146:
1032 3411 1178 3476 ‘uoacurs

149 3519 366 3606 'cmuumrcr
405 3499 574 3604 &dranus
620 3561 651 3600 ru
690 3559 800 3602 arsace
841 3557 1003 3599 cerumar
1043 3534 1177 3600 caarn’.
