2674 3922
544 1136 658 1199 uror.
669 1103 696 1206 [1

204 1279 315 1339 *Liber
345 1281 403 1338 iste
436 1277 551 1356 epodon
583 1279 766 1356 appellatur,
800 1280 830 1336 et
861 1273 1059 1357 qu<a>eritur
1090 1279 1126 1338 de

109 1371 233 1430 nomine
263 1371 374 1446 ipsius3
406 1369 534 1427 soluitur
565 1368 620 1427 sic:
654 1369 707 1427 aut
736 1368 808 1443 quia
835 1369 867 1426 in
893 1367 1001 1426 itinere
1028 1368 1126 1443 posite

110 1460 279 1518 Maecenati
309 1458 382 1515 haec
415 1457 500 1532 dicit,
532 1460 587 1515 aut
618 1457 761 1532 quoniam
790 1457 836 1514 ita
865 1474 968 1516 uersus
997 1455 1127 1515 ordinati

114 1549 195 1622 sunt,
213 1547 250 1604 ut
268 1546 393 1624 singulis
413 1546 580 1621 quibusque
600 1545 750 1604 clausulae
769 1563 839 1603 suae
857 1545 1000 1604 recinant.
1039 1543 1126 1603 Glau-
1163 1548 1179 1596 ὁ

113 1637 213 1696 sulam
235 1653 308 1694 uero
332 1634 437 1693 dicunt
458 1634 546 1710 lyrici
568 1636 674 1711 poetae
697 1634 845 1710 praecisos
867 1637 900 1696 ,et
917 1651 978 1693 non
995 1634 1127 1711 integros

112 1741 218 1784 uersus
250 1715 299 1805 (cf.
318 1715 375 1804 R).
421 1722 576 1782 Praecedit
607 1741 723 1797 semper
754 1723 888 1781 trimeter
920 1722 1066 1780 iambicus
1098 1726 1128 1781 et

114 1813 250 1888 sequitur
272 1812 409 1886 dimeter3
441 1813 576 1870 trimeter
604 1813 706 1870 autem
733 1811 856 1886 dicitur,
884 1811 937 1887 qui
963 1811 1057 1869 habet
1078 1803 1142 1871 sex'

114 1901 244 1975 iambos;
263 1901 396 1975 dimeter,
413 1901 465 1976 qui
479 1901 571 1960 habet
584 1903 741 1976 quattuor3
759 1900 904 1960 iambicus
918 1900 1054 1959 trimeter
1067 1901 1127 1959 tra-

116 1991 208 2068 gicus,
232 1993 286 2066 qui
303 1989 410 2066 recipit
427 1990 516 2066 pedes
535 1989 654 2049 dextros
673 1989 817 2066 spondeos
835 1990 975 2065 primum,
996 1991 1127 2064 tertium,
1148 1990 1181 2039 10

116 2080 265 2154 quintum,
288 2079 424 2137 sinistros
446 2078 562 2138 iambos
586 2078 756 2153 secundum,
780 2081 930 2154 quartum,
954 2079 1076 2136 sextum.

204 2167 279 2226 Diui
300 2170 447 2243 potentes,
469 2168 544 2225 ferte
566 2168 686 2226 lassatis
709 2185 803 2243 opem.

118 2253 254 2315 Comicus
287 2257 357 2328 erit,
390 2256 443 2329 qui
475 2255 645 2330 frequenter
671 2255 839 2328 tribrachys
866 2253 957 2312 habet
982 2256 1019 2311 ut
1046 2245 1128 2333 (com.

116 2344 185 2402 Lat.
203 2344 241 2415 fr.
260 2344 316 2401 aa.
336 2344 376 2400 ae
396 2334 508 2423 accub:

251 2465 350 2543 Agite,
372 2459 506 2542 (agite)
528 2464 601 2540 quid
624 2463 769 2522 dubitatis
787 2464 897 2523 hilares
916 2464 986 2523 dare
1005 2463 1128 2524 choros?
1149 2466 1182 2514 15

121 2608 272 2686 Satyricus
294 2606 421 2680 medius,
443 2609 492 2665 ut:

252 2731 357 2791 Musae
379 2730 482 2791 Iouem
508 2730 629 2789 laudate
657 2714 687 2788 et
713 2729 822 2790 hilares
850 2731 919 2790 date
943 2733 1046 2791 choros
1069 2726 1129 2815 (Pb

209 2874 361 2933 *Metrum
392 2874 562 2932 iambicum.
621 2871 739 2933 Primus
771 2891 874 2932 uersus
906 2875 953 2932 est
984 2877 1131 2934 exameter

124 2965 186 3022 siue
209 2965 352 3038 trimeter,
375 2962 520 3022 secundus
544 2979 614 3021 uero
637 2963 810 3021 tetrameter
833 2963 897 3020 siue
921 2961 1054 3037 dimeter,
1078 2965 1131 3038 qui

123 3052 229 3128 epodos
253 3053 371 3126 dicitur,
393 3051 471 3110 idest
493 3069 552 3110 unc
574 3050 648 3127 pede
670 3052 768 3110 minor
791 3041 835 3131 (Γ
1150 3049 1185 3099 20

212 3296 245 3345 10
268 3292 406 3361 spondeos
434 3292 589 3346 Victorinus
611 3289 660 3358 (VI
678 3307 707 3359 p.
724 3290 850 3360 1821(ss
875 3290 1030 3360 spondeum
1052 3294 1097 3348 rb

127 3367 157 3416 12
174 3361 288 3416 lassatis
307 3363 344 3416 K.
364 3380 426 3418 cum
449 3362 559 3432 Victor]
579 3361 693 3415 inseetis
712 3363 728 3416 b
753 3361 797 3415 ius
817 3361 886 3415 uatis
905 3365 932 3416 Γ
1026 3368 1059 3416 13
1078 3363 1132 3418 fre-

126 3435 239 3500 quenter
263 3434 373 3504 Victum]
399 3433 560 3502 frequentes
579 3433 717 3488 Puteal>
823 3432 982 3503 tribrachys
1001 3433 1052 3504 Κ]
1074 3437 1133 3504 try-

125 3502 242 3573 brachys
260 3505 276 3558 b
303 3504 452 3558 tribrachis
473 3508 499 3558 Γ
604 3509 637 3558 15
661 3506 776 3558 alterum
798 3504 874 3574 agite
893 3521 943 3560 om.
960 3507 1004 3560 Pb
1030 3506 1135 3562 accubet

132 3574 226 3628 Victor.
301 3581 332 3628 17
352 3578 382 3631 et
395 3577 451 3648 Pb]
470 3593 520 3632 om.
540 3576 640 3644 Victor.
716 3581 747 3628 19
764 3591 831 3629 uero
844 3576 871 3646 r]
891 3593 973 3645 ocur
