2674 3922
223 199 288 264 352
555 197 746 255 EXPOSITIO
764 199 804 253 IN
822 199 906 254 HOIt.

315 359 372 428 17.
415 383 483 432 ovis
517 362 600 445 sorr]
645 367 728 427 Idest
759 384 812 442 per
838 366 985 424 incertum
1012 367 1096 425 uitee
1124 369 1254 442 nesciri,

223 459 326 515 utrum
347 455 461 515 homini
483 473 577 530 usque
601 454 639 514 ad
662 455 750 530 diem,
772 473 861 529 quem
883 456 954 531 egit,
978 471 1106 530 sequena
1131 455 1253 514 adicie-

223 548 282 620 tur,
305 564 373 604 oum
395 543 483 601 facile
506 547 537 601 et
559 563 613 620 per
634 544 722 602 horas
744 544 841 619 possit
858 541 990 602 oooidere
1009 535 1251 623 (AVefiPorph.

316 642 374 710 19.
417 665 538 710 (11711011
565 642 682 727 nauus]
727 648 790 724 Ipsi
817 649 848 706 in
876 649 992 708 lucrum
1018 651 1136 726 uenire,
1170 669 1251 726 quae

189 750 205 798 5
225 739 349 814 inpensa
372 739 484 797 fuerint
501 739 661 814 uoluptati,
683 739 817 815 peritura
834 736 991 796 heredibus
1005 736 1154 797 derelicta
1170 731 1254 818 (AV

314 837 372 905 21.
410 861 583 903 sensnum
606 839 714 922 uiuos]
755 843 798 903 Vt
821 835 924 925 (Vero.
944 837 1202 926 Aen.V1432):

384 967 542 1037 Quaesitor
563 969 660 1029 Minos
683 988 790 1027 urnam
812 969 913 1027 mouet
937 960 1017 1048 (AV

315 1102 373 1170 23.
415 1127 477 1168 uon
514 1127 678 1174 renovare
713 1103 825 1187 orave]
871 1107 934 1167 Neo
966 1109 1157 1167 nobilitatem
1191 1128 1246 1168 nee

224 1199 426 1274 eloquentiam
443 1217 497 1257 nee
515 1199 660 1273 pietatem
679 1216 858 1273 quemquam
875 1196 967 1256 morti
979 1198 1150 1273 praeripere
1167 1190 1248 1280 (AV

172 1315 205 1362 10
316 1297 374 1365 25.
396 1322 494 1362 umus
516 1297 667 1381 evnrovn]
704 1303 768 1361 Aut
789 1303 961 1363 fabulosum
982 1305 1013 1362 et
1034 1303 1147 1362 falsum
1169 1304 1244 1362 dicit

224 1393 424 1471 Hyppolitum
443 1393 480 1451 ab
499 1393 615 1451 inferno
632 1410 793 1468 reuersum,
812 1395 865 1450 aut
882 1392 927 1449 nil
945 1392 973 1450 ei
987 1390 1025 1450 ad
1038 1391 1242 1451 conditionem

223 1483 418 1542 mortalitatis
450 1482 610 1558 profuisse,
644 1482 714 1556 quia
749 1482 785 1540 ab
816 1482 900 1557 equis
928 1482 988 1540 suis
1015 1483 1128 1539 tractus
1157 1483 1240 1539 uitae

224 1573 380 1630 restitutus
404 1573 458 1645 est,
481 1571 552 1628 dum
574 1572 606 1627 in
630 1568 753 1628 eandem
776 1572 886 1630 sortem
908 1569 1013 1628 fuisset
1029 1585 1167 1629 reuersus
1186 1589 1238 1628 neo

223 1663 351 1719 mortem
373 1661 514 1735 perpetue
536 1660 683 1736 potuisset
706 1659 833 1736 effugere
857 1649 936 1739 (AV
951 1658 988 1730 of.
1006 1657 1112 1730 Porph.

173 1776 205 1824 15
316 1757 374 1824 27.
410 1782 470 1823 uso
494 1759 631 1842 unsrun]
672 1765 701 1823 A
723 1765 844 1824 flumine
867 1765 977 1832 inferos
1000 1763 1077 1822 dixit
1099 1754 1180 1844 (AV

314 1886 452 1930 sensuve
475 1888 659 1929 Anavursun
684 1865 725 1949 o]
767 1871 897 1930 Theseus
922 1873 952 1929 et
973 1869 1125 1930 Pirithous
1148 1872 1237 1930 amiei
1304 1935 1305 1938 Ἴ

223 1959 357 2034 fuerunt,
390 1977 464 2034 quoa
497 1959 570 2017 dioit
602 1959 757 2018 coniurata
790 1960 922 2018 amicitia
952 1961 1042 2018 morti
1074 1961 1150 2035 eripi
1178 1979 1236 2019 non

223 2049 369 2124 potuisse;
398 2065 470 2104 nam
496 2047 631 2107 uolentes
654 2047 862 2124 Proserpinam
888 2067 992 2125 rapere
1020 2047 1099 2124 apud
1126 2048 1235 2108 inferos
1304 2107 1305 2130 ἢ

223 2138 430 2196 remanserunt
454 2129 533 2217 (AV
547 2153 622 2195 eoas.
640 2137 747 2210 Porpt.

171 2256 205 2303 20
312 2235 437 2325 *(Very.
460 2241 535 2302 Aea.
554 2242 598 2301 VI
618 2245 690 2302 617.
713 2235 806 2324 618):

651 2366 740 2426 Sedet
762 2370 974 2442 aeternumque
998 2365 1111 2426 sedebit

383 2455 492 2514 Infelix
513 2456 650 2516 Theseus

1304 2335 1305 2370 ι

223 2597 276 2656 Hii
303 2599 403 2655 eutem
426 2597 464 2655 ad
486 2599 661 2673 rapiendam
682 2597 890 2674 Proserpinam
912 2597 1124 2658 descenderant
1146 2588 1231 2678 (Fut

314 2782 415 2837 luitae
430 2785 464 2855 p]
482 2783 542 2838 uite
563 2786 599 2839 Vc
616 2784 679 2838 uioe
697 2785 725 2838 A
833 2784 924 2854 lipsi
942 2785 982 2839 ed.
998 2785 1064 2854 oet]
1083 2783 1145 2854 ipsa
1162 2786 1230 2853 Acp
1304 2771 1305 2820 l

223 2855 316 2925 ipsam
335 2856 362 2909 V
430 2861 445 2907 7
464 2872 491 2908 u.
507 2874 542 2908 m.
564 2857 591 2911 V
659 2860 690 2908 11
709 2855 870 2924 yppolitum
888 2858 915 2911 A
933 2855 1074 2925 ypolitum
1093 2857 1130 2910 Vc
1147 2854 1229 2925 hypo·
1304 2851 1305 2908 3

223 2927 343 2995 litump
416 2925 609 2980 condicionem
629 2927 655 2980 V
742 2931 774 2978 13
793 2925 893 2981 fuisset
912 2929 1015 2980 sortem
1034 2928 1119 2996 (sorte
1138 2928 1171 2994 V)
1189 2943 1229 2980 re·
1304 2909 1305 2984 l

223 3015 320 3052 uersus
340 3001 400 3066 ch
509 3002 542 3050 14
564 2998 699 3066 perpetue
723 2997 774 3069 Κ]
797 3000 931 3069 perpetue
950 2998 978 3051 A
1005 2998 1140 3068 perpetuo
1159 2999 1228 3066 ch;
1304 3005 1305 3058 1

223 3072 358 3196 plerpetpe
381 3069 494 3194 tepirretrsss
512 3069 587 3136 opud
607 3068 811 3209 Gaggifflriupr
918 3073 951 3122 16
970 3069 1098 3138 pirthous
1117 3068 1144 3121 A
1160 3069 1228 3138 peri-
1304 3067 1305 3078 ¹

257 3157 307 3194 oue
350 3158 454 3209 ppyrr
489 3155 570 3194 ouse
737 3155 782 3208 ιγ
