2596 3910
529 223 633 280 EPOD.
646 232 663 280 ὅ
1036 226 1101 290 401

179 409 313 453 sonvrvs
332 411 476 454 aueum
495 387 724 472 vaurme<n>n]
760 392 918 452 Actionem
937 411 1023 452 suam
1041 412 1102 452 ore-

78 485 282 554 ditinuenta
304 482 434 542 docuere
457 481 589 542 uenefica
610 486 782 559 superatam
806 473 885 562 (AV

180 563 237 632 73.
277 589 340 630 nou
367 587 518 645 vsrrnms,
550 589 643 646 vanu,
676 564 873 649 romonunvs]
918 569 966 630 Ab
994 571 1102 630 amoris

77 663 135 722 sui
164 661 295 720 uinculis
318 659 434 717 Varum
457 658 531 718 dicit
552 661 640 718 nouis
663 663 694 717 et
715 661 831 737 magnis
854 659 1027 736 potionibus
1052 659 1101 719 ab·

78 751 222 810 solutum
245 742 325 830 (AV
1139 758 1161 806 b

179 829 237 899 74.
263 855 283 896 o
301 847 406 897 nunna
424 854 587 897 murvavu
607 830 721 915 curva]
758 837 925 912 Tamquam
944 836 1103 896 aduersum

79 946 180 1006 quem
200 926 323 1005 aggredi
341 926 564 984 uehementiora
582 925 731 1002 disponat,
753 927 798 983 ita
816 928 852 983 ut
870 926 984 984 alienus
1003 928 1102 984 mente

78 1017 240 1075 uoluntati
262 1008 329 1096 (tog.
347 1006 519 1095 uoluntate)
543 1016 607 1073 eius
629 1015 716 1072 nelut
736 1015 852 1072 nescius
870 1015 1008 1090 rapiatur
1026 1006 1107 1095 (AV

180 1097 237 1165 76.
274 1096 419 1181 voomvs]
460 1100 719 1162 incantationibus
743 1093 822 1182 (AF
828 1102 856 1160 V

180 1185 237 1253 78.
265 1208 461 1250 assummum
483 1185 641 1270 roovuvu]
682 1189 725 1249 Vt
743 1192 835 1256 etiam
853 1190 901 1249 uis
918 1191 1022 1266 poculi
1038 1209 1102 1250 car·
1121 1200 1156 1250 10

79 1282 218 1341 minibus
242 1279 401 1341 adderetur
423 1272 503 1361 (AV

180 1362 238 1430 79.
281 1386 404 1429 aunuum
436 1386 526 1427 emur
557 1384 699 1426 municius
729 1361 820 1444 num]
865 1367 957 1440 Ante,
993 1366 1103 1442 inquit,

81 1460 162 1536 ipsis
195 1458 348 1517 elementis
377 1477 478 1516 rerum
505 1460 614 1517 natura
640 1454 821 1529 mutabitur,
853 1473 945 1530 quam
971 1473 1031 1514 non
1057 1457 1103 1514 ita

81 1548 188 1607 Varus
212 1565 310 1607 amoro
329 1565 394 1605 meo
414 1544 525 1620 ardeat,
548 1547 584 1603 ut
601 1547 666 1622 igni
684 1544 817 1603 bitumen
838 1545 1008 1619 appositum
1028 1535 1104 1624 (AV

179 1627 238 1696 83.
278 1653 334 1693 mu
356 1652 427 1710 nou,
449 1653 490 1695 vr
512 1627 608 1712 nunu]
653 1633 696 1691 Vt
718 1635 769 1692 oui
791 1631 913 1692 adderet
934 1632 1102 1707 desperatio
1121 1643 1155 1690 15

83 1725 258 1784 libertatem
281 1715 361 1804 (AV
476 1791 478 1796 ¹

177 1805 345 1890 notumve]
386 1810 509 1870 Blandis
533 1800 613 1889 (AV

180 1893 237 1962 86.
274 1917 452 1959 rurnsnnns
480 1893 611 1978 raucas]
657 1897 754 1958 Diras.
801 1897 842 1958 Et
868 1898 943 1958 tales
971 1897 1101 1957 infossus

86 2005 177 2066 puer,
204 1992 261 2066 ait,
288 2007 389 2066 preces
412 1983 554 2068 c(o>epit
576 1988 739 2064 effundere,
762 1988 866 2064 quales
889 1989 921 2046 in
939 1987 1101 2065 tragoediis

86 2077 243 2138 inducitur
265 2079 399 2139 Thiestes
427 2078 554 2156 cognitis
576 2077 631 2137 filii
654 2076 793 2137 membris
816 2079 848 2134 in
871 2075 997 2136 Atreum
1020 2078 1101 2134 locu·
1120 2085 1157 2134 20

86 2172 139 2226 tus
163 2159 243 2248 (AV
257 2184 333 2226 oona.
351 2167 458 2241 Porpb.
477 2170 503 2226 et
520 2168 549 2224 Γ

180 2248 238 2316 87.
263 2249 321 2316 88.
344 2273 475 2316 unauvu
497 2271 554 2312 rus
577 2248 753 2332 nurasovu]
793 2252 855 2312 Lex
872 2252 952 2310 enim
970 2252 1102 2311 humana

86 2343 180 2402 habet
206 2345 293 2403 malis
321 2362 461 2419 poenam,
492 2342 577 2401 bonis
604 2344 738 2418 praemia
765 2340 946 2417 pollicenda,
978 2343 1009 2398 et
1035 2338 1101 2398 ideo

88 2433 192 2490 furens
209 2451 285 2507 puer
303 2431 376 2490 dicit
393 2430 448 2490 boo
463 2449 512 2490 eas
526 2430 707 2489 carminibus
720 2432 839 2487 mutare
852 2447 912 2487 non
925 2443 1012 2504 posse
1027 2419 1106 2508 (AV

180 2513 239 2580 89.
262 2536 343 2578 unns
366 2536 454 2578 nonu
476 2512 549 2596 vos]
590 2517 745 2575 Promittit
767 2534 798 2576 se
819 2516 852 2590 in
870 2534 919 2576 eas
937 2519 1006 2592 post
1024 2535 1100 2575 mor·
1120 2527 1154 2575 ao

89 2613 151 2666 tem
174 2609 371 2684 saeuiturum,
394 2610 430 2666 ut
453 2599 557 2688 (Verg.
575 2603 650 2666 Aea.
669 2605 731 2664 ΙΠΙ
751 2597 843 2687 386):

250 2729 395 2792 Omnibus
419 2732 526 2790 umbra
549 2732 621 2791 locis
646 2729 735 2789 adero
759 2722 839 2809 (AV

178 2865 239 2935 94.
277 2891 357 2940 evan
381 2891 428 2933 vrs
452 2890 579 2932 nnouvu
600 2889 721 2930 nnuwn
743 2865 815 2949 usn]
855 2870 897 2929 Vt
919 2871 1033 2930 faciant
1055 2872 1099 2928 in-

89 2981 205 3022 somnes
229 2964 279 3022 uel
300 2963 388 3021 malis
412 2961 563 3040 gaudeant
585 2953 665 3041 (AV

178 3045 238 3112 97.
274 3067 456 3111 vesuvium
478 3043 621 3127 meamus]
661 3049 823 3107 Missurum
846 3064 877 3105 se
899 3045 1010 3122 popido
1033 3065 1099 3122 pro·
1120 3057 1155 3107 30

89 3141 185 3199 mittit
206 3139 345 3213 imorem,
367 3144 403 3199 ut
426 3158 460 3198 ex
483 3138 620 3198 omnibus
642 3139 719 3196 uicis
742 3136 830 3194 turba
853 3153 1027 3195 concurrens
1051 3155 1100 3196 eas

89 3231 168 3288 saxis
191 3228 299 3288 obruat
321 3248 375 3304 pro
399 3230 545 3288 factorum
569 3227 691 3286 crimine
716 3216 793 3305 (AV

178 3456 194 3502 2
213 3452 374 3519 superatam
388 3450 438 3520 Κ]
457 3451 572 3518 spueret
585 3455 603 3501 a
617 3450 645 3502 A
663 3450 787 3516 spretam
805 3447 867 3516 ch
884 3447 1025 3501 incassum
1039 3461 1100 3500 esse

93 3518 239 3574 Fabricios
275 3521 387 3575 8em.K.
426 3520 605 3574 20thiestisA
642 3517 765 3572 exfiliiA
801 3517 1065 3588 ina:l:A]om.ch

91 3594 124 3642 23
142 3604 262 3657 poenam
269 3593 307 3663 V]
321 3608 424 3665 penam
433 3593 485 3661 Ap
502 3606 605 3661 penam
622 3608 638 3646 c
709 3594 743 3643 28
761 3589 887 3644 manium
905 3592 949 3644 cat
961 3589 989 3644 A
1003 3589 1105 3644 m.e.V

143 3687 325 3732 Pulmoneum
339 3701 443 3733 senem
457 3702 483 3732 nr
498 3691 638 3732 Hora-rm.
906 3683 939 3732 26
