2612 3906
515 235 719 294 PRAEFATIO
1069 227 1121 284 VH

99 411 159 468 fol.
182 409 245 466 248
278 409 417 486 legimus:
450 401 548 466 ‘emm
579 421 710 466 sonorus
739 420 930 464 connenrvn
956 417 988 458 m
1015 416 1122 458 caeru

101 515 272 558 cnunmvn
298 513 407 556 nsanos
435 513 481 554 nn
508 511 693 560 mcucnavn
720 511 759 552 ur
788 509 912 550 cannen
937 481 1119 548 sncvunaa'.

100 587 226 646 Desunt
248 587 360 648 scholia
382 587 415 644 in
437 585 521 660 epod.
547 587 596 658 17,
617 583 761 655 53-81,
788 599 949 653 sermones,
977 578 1119 654 epistulas

100 678 263 750 artemque
285 676 442 750 poeticam.

198 781 316 840 Tertius
347 781 435 840 huius
468 781 583 858 generis
615 779 706 838 codex
737 778 782 836 est
811 775 964 836 Parisinus
990 773 1119 834 Pseuda-

101 889 267 948 cronianus
286 887 303 958 ζ
319 912 361 933 =
375 885 501 946 Latinus
523 885 616 959 7985,
636 885 817 956 chartaceus,
835 882 946 942 saeculi
960 881 1024 955 XV,
1047 881 1120 939 olim

102 975 326 1035 Menteliianus.
377 973 575 1034 Continentur
601 975 656 1032 hoc
683 973 760 1031 libro
788 965 944 1031 ‘Acronis’
973 987 1119 1029 commen·

101 1066 182 1124 terii
212 1065 244 1123 in
275 1065 421 1137 carmina,
457 1064 567 1122 librum
599 1061 727 1140 epodon,
759 1079 877 1120 carmen
908 1059 1058 1118 saeculare
1072 1053 1075 1062 '
1090 1060 1121 1116 01

107 1149 270 1232 ‘anonymi
289 1147 450 1228 expositio'
465 1155 497 1211 in
510 1151 620 1211 Horati
637 1153 733 1210 artem
746 1151 894 1226 poeticam
908 1150 939 1206 01
952 1167 1120 1208 sermonum

104 1241 201 1301 libros
233 1259 326 1316 usque
359 1241 396 1300 ad
420 1259 442 1300 s.
461 1240 477 1298 1
497 1243 525 1315 7,
544 1242 573 1298 4.
619 1239 655 1298 In
685 1238 866 1299 carminibus
899 1239 929 1297 et
961 1237 1062 1312 epodis
1090 1238 1121 1294 01

104 1333 240 1390 carmine
267 1331 414 1390 saeculari
439 1331 518 1389 hune
545 1329 688 1403 codicem,
717 1329 788 1402 quia
814 1327 933 1400 librcp
960 1325 1120 1385 admodum

106 1421 271 1480 uetustiore
290 1421 337 1478 uti
354 1420 448 1493 licuit,
467 1438 527 1478 non
545 1417 743 1490 adhibuimus,
761 1418 793 1475 in
809 1415 936 1475 secundo
950 1434 1021 1477 uero
1036 1414 1120 1472 uoln-

104 1511 188 1566 mine
216 1509 342 1567 alteram
367 1509 497 1584 partem,
528 1525 604 1581 quee
631 1509 663 1564 in
691 1506 827 1582 catalogo
851 1499 1011 1580 ‘anonymi
1033 1522 1120 1578 expo-

106 1593 195 1657 sitio'
211 1598 391 1671 nominatur,
411 1597 492 1655 hand
510 1597 630 1654 omnino
649 1593 845 1670 spernendam
863 1611 925 1652 esse
938 1593 1120 1668 putcuimus,

107 1686 161 1746 sed
184 1685 360 1760 ubicumque
384 1687 487 1744 autin
505 1702 520 1743 0
537 1686 641 1742 autin
659 1685 676 1755 ζ
691 1684 797 1742 melior
815 1683 904 1742 lectio
923 1681 1120 1758 deprehende·

106 1775 211 1850 batur,
238 1793 304 1833 eam
331 1775 426 1834 solem
452 1775 597 1850 respicere
625 1774 731 1832 solitus
758 1791 836 1846 sum,
865 1773 988 1831 alteriue
1011 1771 1120 1830 codicis

111 1882 195 1922 mera
217 1864 323 1922 menda
345 1864 428 1938 prelo
451 1863 593 1922 mandare
616 1865 733 1920 iurem
756 1880 815 1921 non
838 1879 900 1920 esse
923 1861 1001 1918 duxi.

197 1969 260 2029 Hos
291 1969 406 2028 codices
437 1971 537 2028 aetate
565 1987 599 2027 ae
625 1969 761 2027 bonitate
788 1967 956 2041 inferiores,
988 1966 1040 2025 ubi
1067 1969 1120 2025 aut

109 2057 139 2116 A
166 2059 197 2116 01
225 2059 252 2116 V
279 2059 339 2133 ipsi
370 2059 443 2118 satis
475 2057 603 2117 solidum
634 2057 861 2118 hindamentum
891 2056 1036 2132 praebent
1067 2057 1121 2114 aut

92 2147 275 2224 'singulares
298 2165 400 2204 eorum
422 2147 564 2206 lectiones
584 2147 634 2206 uel
651 2147 914 2222 interpolationem
932 2146 1053 2220 sepiunt
1071 2145 1120 2204 uel

110 2255 224 2294 merum
243 2253 386 2310 errorem,
407 2237 440 2293 in
463 2238 642 2311 apparatum
659 2235 844 2312 recipiendos
862 2253 923 2292 non
938 2235 1119 2294 curarimus.

110 2324 168 2384 Hic
189 2326 252 2384 11110
275 2326 375 2384 autem
398 2326 619 2384 conseruauisse
641 2324 783 2382 uidentur
805 2323 921 2398 aliquid
939 2325 1011 2396 ueri,
1034 2341 1120 2399 prae·

112 2415 213 2474 sertim
243 2415 276 2472 iu
303 2413 390 2472 rebus
417 2413 668 2490 orthographicis:
700 2414 831 2471 ceterum
857 2412 913 2470 hac
941 2411 1061 2486 quidem
1087 2413 1120 2470 in

111 2521 143 2561 re
177 2503 275 2578 ipsum
311 2503 466 2578 archetypi
501 2503 676 2578 scriptorem
707 2502 830 2560 minime
862 2499 920 2560 sibi
951 2501 1120 2560 constitisse

112 2591 213 2654 multis
234 2591 308 2652 loeis
332 2593 463 2666 apparet,
487 2609 610 2664 eamque
634 2589 671 2650 ob
693 2607 814 2650 causam
836 2579 992 2650 inhaere
1011 2609 1048 2648 ae
1066 2609 1119 2650 nos

114 2680 231 2755 quidem
252 2680 472 2738 inconstantiae
495 2679 606 2738 crimen
627 2696 748 2755 prorsus
770 2679 922 2755 potuimus
946 2680 1067 2738 euitare.

198 2767 357 2830 Praeterea
384 2787 452 2828 cum
478 2769 648 2828 recensione
674 2765 740 2828 AV
764 2767 981 2846 quodammodo
1009 2785 1119 2826 conexa

113 2859 157 2916 031
177 2859 308 2915 recensio
327 2851 365 2914 P'
380 2857 663 2936 Ξ0011001οη013,
686 2857 765 2916 inter
789 2876 861 2932 quos
885 2858 1007 2914 maximi
1029 2858 1121 2932 pretii

114 2947 158 3004 031
177 2945 254 3006 liber
276 2968 307 3019 ν,
334 2947 404 3019 quia
426 2947 459 3004 in
482 2965 570 3004 carm.
589 2945 651 3004 1111
671 2947 792 3020 2-15,
816 2945 908 3020 epod,
932 2964 1020 3004 carm.
1044 2964 1119 3007 saec.

114 3053 171 3093 non
200 3053 267 3093 cum
294 3053 334 3113 ry
360 3035 446 3109 facit,
478 3054 582 3092 nerum
610 3053 677 3093 cum
698 3032 805 3108 AVep.
853 3033 911 3092 Sed
939 3054 1120 3111 quamquam

115 3125 144 3182 01
171 3124 373 3202 praestantior
404 3125 435 3182 01
465 3125 613 3183 uehrstior
645 3125 690 3182 031
721 3123 812 3182 codex
838 3146 856 3182 ν
885 3143 1013 3199 qnamr
1041 3127 1071 3183 et
1094 3148 1124 3204 y,

114 3215 212 3270 tamen
238 3214 453 3288 praetermissis
480 3230 519 3291 ry
546 3231 580 3271 eo
608 3213 671 3271 solo
694 3214 741 3270 uti
762 3215 920 3289 propterea
942 3232 1003 3272 non
1025 3214 1119 3288 licuit,

115 3299 191 3376 quod
213 3323 231 3358 ν
253 3302 316 3379 1030
339 3301 426 3360 ualde
448 3319 569 3366 mancus
593 3302 645 3360 est.
928 3303 930 3306 ’

199 3429 218 3466 ν
245 3409 290 3469 031
317 3408 406 3472 codex
432 3407 616 3470 Horatianus
639 3407 885 3486 NienburgensiS‚
912 3429 991 3468 nunc
1013 3409 1120 3469 Dessa-

115 3514 221 3574 niensis
244 3511 282 3588 A,
311 3495 473 3574 saeculi}
501 3515 641 3576 ineuntis.
695 3513 845 3574 Deficiunt
877 3514 1119 3590 0.113,19-

115 3603 261 3678 Π9,16.
291 3601 1120 3679 Inane-am.111⁵,27—7,12.1119‚4-
