2612 3906
198 219 219 282 8
578 215 703 274 mos,
717 217 827 273 m.

288 383 403 444 Octauo
435 377 498 469 ᾠδή
530 385 642 446 dicolos
674 389 720 446 est
754 385 929 461 distrophos.
986 385 1066 446 Nam
1098 390 1226 462 primus

198 492 301 534 uersus
328 473 543 534 choi-iambicus
570 477 688 535 constet
715 494 749 534 ex
776 474 946 534 choriambo
974 476 1005 534 et
1026 473 1141 534 Baebio
1169 478 1225 535 uel

199 563 411 640 amphibrachi
482 561 632 624 Secundus
673 582 708 622 ex
749 565 871 640 epitrito
912 563 1055 638 secundo,
1096 563 1224 624 duobus

199 651 376 710 choriambis
408 655 439 711 et
464 652 586 712 Bachio.
641 651 804 729 Vtiturque
835 653 892 712 hae
924 654 1139 729 compositione
1172 672 1223 712 se-

163 741 265 815 fimel,
287 742 344 799 ita:

356 846 453 922 Lydia
476 847 523 905 dic
545 865 599 922 per
621 865 722 907 omues

408 935 474 995 Hoc
492 935 562 995 deos
580 954 632 994 oro
652 933 782 994 Sibarim
801 954 853 994 cur
871 954 1010 1012 properes
1029 936 1167 994 amando.

285 1076 372 1135 Nona
404 1069 467 1159 ᾠδή
498 1069 620 1136 tricoloa
652 1080 698 1135 est
729 1077 954 1152 tehastrophos.
1009 1077 1088 1137 Nam
1103 1080 1218 1153 :primi

197 1166 255 1224 duo
282 1183 399 1239 uersus,
426 1167 478 1240 qui
500 1164 617 1224 Alcaioi
637 1168 796 1240 uocantur,
823 1167 961 1225 constant
983 1167 1217 1242 penthemimeri

146 1267 179 1316 ιο
197 1254 325 1314 iambica
348 1256 379 1314 et
401 1253 514 1314 duobus
537 1253 663 1312 dactilis.
710 1253 827 1313 Tertius
850 1254 975 1314 dimeter
997 1258 1042 1315 est
1063 1255 1215 1316 iambicus

196 1343 489 1420 hypercatalecticus.
540 1340 668 1410 Quartus
700 1360 771 1400 uero
798 1343 1002 1419 logaoedicus‚
1033 1345 1087 1418 qui
1113 1343 1148 1403 lit
1177 1363 1216 1402 ex

197 1433 311 1493 duobus
334 1433 453 1492 dactilia
476 1433 507 1491 et
529 1429 643 1489 duobus
666 1425 865 1507 troch<a>eis
901 1431 960 1490 Hic
983 1433 1084 1492 autem
1107 1450 1214 1491 uersus

197 1517 376 1606 <ἐπᾷδεται>
393 1521 471 1580 idest
487 1521 611 1578 ultimus
629 1518 793 1578 cantandus
811 1538 846 1578 ac
863 1539 917 1594 per
934 1520 991 1579 hoc
1006 1522 1214 1580 succinendus.

196 1610 359 1687 Vtiturque
381 1611 437 1669 hae
459 1611 548 1669 metn'
570 1609 782 1683 compositione
804 1609 905 1667 tricies
928 1612 1030 1684 sexies,
1053 1612 1111 1668 ita:

145 1713 177 1760 15
356 1698 448 1757 Vides
471 1701 506 1755 ut
528 1697 591 1755 alta
614 1698 673 1754 stet
694 1698 763 1754 niue
787 1695 946 1754 candidum

357 1783 381 1844 0
405 1789 499 1844 matre
521 1784 646 1859 pulchra
669 1783 732 1841 filia
754 1785 907 1859 pulchrior

355 1874 449 1932 Velox
471 1890 627 1931 amoenum
649 1865 779 1948 s<a>epe
801 1872 981 1932 Lucretilem

354 1963 447 2022 Musis
470 1962 582 2020 amicus
604 1961 761 2018 tristitiam
783 1964 814 2018 et
835 1965 931 2020 metus

354 2051 442 2110 Natis
464 2052 497 2107 in
519 2067 606 2108 usum
628 2049 761 2108 laetitiae
785 2051 904 2125 scyphis

354 2138 415 2198 Icci
436 2139 532 2198 beatis
554 2155 632 2196 nunc
654 2137 789 2196 Arabum
810 2137 927 2198 inuides

354 2228 432 2298 Quid
455 2228 623 2287 dedicatum
645 2228 743 2302 poscit
765 2225 937 2302 Apollinem

353 2317 463 2377 Parcus
485 2317 606 2375 deorum
629 2316 726 2374 cultor
748 2318 778 2373 et
800 2315 971 2390 infrequens

355 2405 379 2466 0
404 2408 473 2466 diua
496 2407 615 2484 gratum
638 2423 714 2480 quae
736 2405 815 2482 regis
837 2403 964 2461 Antium

284 2594 396 2648 10]Δέ
415 2615 431 2664 y
450 2595 502 2647 ode
522 2593 563 2660 cf
629 2608 696 2644 nam
715 2622 748 2630 -
767 2585 921 2658 amphibrz]
941 2591 981 2643 sic
999 2607 1042 2659 pc,
1060 2593 1118 2646 aiae*
1136 2593 1208 2662 quod

190 2682 243 2734 pro
262 2664 457 2734 amphibrachi
476 2663 634 2734 (utralibet
647 2665 671 2730 c)
690 2663 721 2714 in
734 2682 751 2730 y
766 2660 879 2728 repimus
892 2659 1104 2727 amphimachro
1177 2667 1207 2718 in

194 2737 253 2803 αἶ]
283 2738 323 2791 sic
345 2737 543 2804 scriptumest:
571 2734 648 2801 prior
665 2732 741 2785 enirn
758 2745 855 2782 uerene
873 2727 995 2783 efficitur
1013 2730 1163 2800 (efficimur
1179 2735 1207 2803 f)

195 2807 336 2860 coriambo
360 2808 389 2860 et
412 2807 472 2875 (om.
488 2806 517 2874 α)
540 2802 746 2873 palimbacchio
766 2797 940 2868 (palibachio
958 2802 1011 2870 fij),
1034 2803 1081 2856 uel
1100 2807 1162 2872 (om.
1177 2809 1207 2875 α)

195 2877 396 2947 amphibracho
419 2878 480 2944 (om.
495 2878 532 2945 α).
570 2873 720 2944 Vtiturque
743 2873 796 2924 hac
814 2870 897 2922 matri
915 2873 975 2938 (om.
991 2873 1040 2941 cy)
1068 2890 1130 2926 com
1152 2877 1207 2929 osi-

193 2949 271 3003 tione
295 2947 381 3004 semel
403 2950 515 3001 tantum
537 2945 590 2999 ita:
619 2944 701 2998 Lidia
724 2943 770 2995 dic
792 2955 842 3008 par
865 2956 960 2994 omnes
1032 2944 1066 3010 fj
1142 2954 1208 3001 uret.-

195 3019 338 3073 Seoundne
360 3035 427 3073 uero
451 3019 562 3071 constat
580 3032 614 3069 ex
632 3015 746 3083 epitrito
766 3009 899 3076 secundo,
928 3010 1036 3065 duobus
1056 3014 1206 3071 coriambie

194 3092 223 3143 et
236 3089 427 3158 palimbachio
499 3086 637 3142 secundus
651 3117 685 3125 -
699 3081 800 3136 bachio
814 3096 864 3132 om.
875 3081 962 3149 ipitar
975 3101 993 3133 α
1066 3089 1082 3136 8
1098 3086 1174 3138 mue
1189 3110 1206 3157 p

194 3160 300 3228 odeas
341 3160 455 3213 tricoloe
470 3160 520 3229 cy]
537 3156 642 3211 dicolos
657 3155 710 3224 yfc
782 3149 897 3232 90duoc
914 3150 1039 3230 Samius]
1055 3170 1105 3208 om.
1116 3157 1171 3223 yfj

213 3231 412 3301 anthemimerp
427 3231 447 3295 f
459 3229 660 3298 pentimemere
673 3242 712 3278 cc
729 3221 923 3292 pentimamen
936 3235 987 3299 yos
1062 3229 1095 3275 10
1115 3226 1204 3280 dacti.

192 3249 228 3356 fis
243 3303 379 3371 duobney
435 3306 466 3353 11
478 3296 722 3368 hypercatalectus
732 3292 774 3357 cf
787 3290 901 3344 Seruius
914 3288 1203 3366 hipercatalecticuay

192 3372 469 3443 ypercatalecticusj
482 3372 571 3425 sime
641 3366 723 3433 lagae
742 3362 834 3415 dictus
847 3360 883 3426 ej
900 3358 985 3424 longa
1003 3373 1036 3411 oe
1054 3361 1148 3417 dictus
1163 3387 1203 3433 γα

192 3445 298 3515 longua
316 3443 442 3499 oedictus
457 3441 476 3506 f
544 3445 577 3492 13
596 3437 670 3490 idest
688 3433 779 3514 γαίῃ]
799 3436 863 3484 amc
880 3429 950 3507 banc
963 3442 1054 3481 uocem
1069 3430 1202 3504 ἐπᾴδεται

192 3518 237 3572 uel
254 3516 362 3585 aliquid
379 3513 467 3567 amate
485 3511 615 3563 accuse
629 3511 699 3574 pcto
717 3503 774 3572 (hic
789 3531 822 3540 -
837 3495 1020 3552 succinendus
1038 3514 1095 3550 non
1109 3509 1202 3559 mm

192 3589 224 3640 ire
242 3589 266 3656 c)
285 3588 352 3640 cccl.
372 3581 498 3636 Diomed.
513 3596 544 3645 p.
559 3580 615 3630 485
